2541 3936
1049 487 1062 530 (
1093 485 1145 524 63
1177 487 1188 529 )

307 576 412 605 Arabis
426 575 536 604 albida.
556 575 643 604 Stev!
665 576 745 604 catal.
764 575 833 603 hore.
861 575 980 603 Gor-ent.
998 575 1082 603 1812.
1099 585 1128 611 p.
1151 575 1198 602 51.
1214 574 1290 602 Bz'eb.
1314 573 1389 601 Flor.
1411 573 1496 599 Taur.
1513 571 1603 600 Cauc.
1620 571 1674 597 vol.
1691 570 1720 599 3.
1743 570 1837 606 suppl.
1852 581 1880 605 p.
1899 570 1966 598 440.

268 642 346 678 Jacq.
357 641 409 680 fil.
428 641 514 679 eclog.
531 652 560 678 p.
580 641 646 668 105.
671 641 725 668 tab.
745 641 792 668 71.
808 641 874 670 DC.
894 642 975 676 Syst.
992 640 1047 667 vol.
1069 640 1097 667 2.
1113 650 1142 676 p.
1159 638 1227 666 218.
1250 636 1335 665 Prod.
1360 638 1385 664 1.
1401 647 1433 672 p.
1454 634 1519 664 142.
1544 634 1684 663 schrank.
1706 635 1785 662 Hor-t.
1813 635 1888 663 Mon.
1914 634 1968 661 [ab.

268 705 305 733 24
333 705 366 733 C.
385 707 426 735 A.
444 706 548 741 Meyer.
567 704 714 734 Ver-zez'clz.
730 705 843 742 Pflanz.
862 704 987 733 Causas.
1001 714 1029 740 ρ.
1050 703 1115 731 178.
1143 704 1209 730 Ten.
1225 702 1303 740 Syll.
1320 712 1349 738 p.
1367 700 1435 729 324.

306 769 410 798 Arabis
425 769 590 797 Caucasica.
613 768 719 796 IVz'tld,
734 779 825 796 enum.
843 769 923 795 Hort.
945 767 1034 796 Brrol.
1048 766 1141 804 suppl.
1155 777 1183 803 p.
1200 764 1246 794 45.

305 831 508 861 Cheiranthus
525 831 623 860 mollis
640 833 730 859 Horu.
750 832 831 858 Hort.
846 830 938 861 Hafn.
958 830 1043 858 1813.
1059 841 1089 867 p.
1111 830 1178 858 615.

305 895 412 924 Arabis
436 894 631 924 Billardietiii
655 895 719 922 DC.
745 895 829 931 Sysl.
854 894 909 921 vol.
936 894 963 921 2.
987 905 1017 931 p.
1046 893 1111 921 1¹8.
1138 892 1223 920 Prod.
1249 893 1301 920 vol.
1327 894 1353 919 1.
1379 903 1408 929 p.
1437 892 1500 920 142.
1534 892 1638 920 Deless.
1666 891 1739 919 Icon.
1767 891 1826 918 Sel.
1859 890 1910 917 vol.
1938 890 1970 917 2.

267 960 320 986 tab.
337 958 387 987 24.

304 1022 408 1050 Arabis
426 1021 601 1050 brevisolia!
626 1024 689 1052 DC.
707 1024 788 1059 Syst.
807 1023 824 1051 l.
842 1034 865 1050 c.
883 1024 967 1051 Prod.
987 1024 1042 1052 vol.
1058 1024 1083 1050 1.
1099 1034 1130 1059 p.
1150 1021 1216 1051 143.

306 1085 410 1114 Arabis
421 1084 593 1124 longifolial
611 1087 674 1114 DC.
692 1087 773 1122 Srst.
789 1088 844 1114 vol.
862 1087 890 1113 2.
903 1097 931 1123 p.
948 1087 1016 1115 219.
1038 1086 1125 1114 Prod.
1145 1086 1198 1114 vol.
1219 1087 1242 1113 l.
1264 1086 1281 1113 l.
1298 1096 1321 1112 c.

304 1149 409 1177 Arabis
423 1148 604 1187 thyrsoidea.
622 1150 708 1178 Prod.
726 1151 803 1178 Flor.
823 1150 915 1180 Groec.
933 1151 987 1178 vol.
1002 1150 1030 1178 3.
1047 1162 1078 1188 p.
1094 1149 1156 1178 28?

303 1212 409 1240 Arabis
423 1212 544 1241 viscosa.
563 1214 630 1242 DC.
650 1214 731 1252 Syst.
752 1214 807 1242 vol.
825 1215 853 1241 2.
871 1225 900 1250 ρ.
919 1213 986 1242 216.
1005 1214 1091 1242 Prod.
1108 1214 1163 1241 vol.
1185 1215 1209 1240 l.
1226 1224 1256 1250 p.
1276 1211 1343 1240 142.
1358 1223 1394 1239 cx
1408 1211 1441 1239 C.
1459 1213 1495 1238 A.
1514 1210 1593 1249 Mey.
1612 1210 1630 1238 l.
1648 1220 1671 1236 c.

312 1293 394 1323 ΗΑΒ.
421 1293 458 1323 In
477 1290 655 1324 Teneriffae
673 1291 946 1337 montiumjugis
960 1290 1045 1324 Filo
1066 1289 1108 1324 de
1132 1290 1189 1323 las
1210 1271 1409 1331 canadas.
1421 1289 1509 1321 inter
1524 1288 1619 1321 8000
1635 1294 1668 1320 et
1687 1298 1780 1332 9000
1796 1286 1899 1332 pedes
1917 1299 1973 1320 su-

264 1375 324 1408 per
343 1375 454 1405 mare,
473 1370 506 1396 ct
524 1364 555 1396 in
576 1371 693 1397 monte
710 1363 779 1396 alto
808 1364 924 1397 insulae
941 1363 1065 1396 Palmae
1087 1362 1198 1396 Lomo
1227 1360 1286 1394 del
1301 1361 1509 1406 Bioeayno,
1540 1359 1672 1392 circiter
1691 1371 1783 1405 7000
1801 1359 1905 1405 pedes
1920 1371 1973 1392 su-

262 1448 322 1481 per
347 1447 459 1477 marc,
485 1434 543 1468 ubi
562 1447 639 1468 cum
666 1435 762 1468 Viola
782 1434 946 1468 Palmensi
967 1434 1055 1467 Nob.
1084 1433 1237 1467 caulibus
1254 1441 1288 1466 et
1309 1432 1500 1466 stoionibus
1522 1431 1619 1465 valde
1636 1431 1802 1477 elongatis
1827 1431 1973 1465 floridis-

262 1509 343 1541 sima
359 1507 481 1541 evadit.

308 1582 460 1613 DtsTmB.
494 1591 598 1613 GEoG.
627 1579 764 1626 Alpium
796 1590 898 1624 rupes
922 1578 1135 1612 demissiores
1160 1585 1194 1612 et
1218 1578 1339 1612 orbem
1364 1559 1536 1611 borealem
1556 1576 1671 1610 incolit
1690 1575 1811 1609 Arabis
1836 1575 1970 1622 Alpina.

262 1652 472 1703 Regionibus
507 1651 726 1687 calidioribus
751 1649 872 1684 Arabis
890 1649 1021 1692 albida,
1043 1650 1168 1696 species
1192 1649 1315 1693 affinis,
1344 1649 1401 1683 sed
1428 1649 1537 1682 forsan
1562 1649 1739 1692 distincta,
1764 1656 1822 1682 aut
1838 1649 1981 1682 varietas

260 1726 335 1758 satis
359 1733 528 1768 constans,
546 1726 576 1758 in
596 1725 708 1759 iocum
726 1723 799 1770 ejus
814 1723 993 1757 succedere
1013 1722 1158 1756 videtur.
1178 1722 1353 1755 Invenitur
1370 1723 1387 1755 a
1406 1722 1554 1756 Tauride
1572 1735 1633 1769 per
1649 1723 1761 1756 Asiam
1781 1723 1951 1756 Minorem
1964 1749 1971 1763 ,

258 1799 435 1841 Graeciam,
452 1806 485 1831 et
500 1800 660 1844 Magnam
679 1797 864 1841 Graeciam,
883 1795 1224 1842 montesque—Africae
1239 1794 1519 1841 septentrionalis,
1537 1807 1644 1840 usquc
1668 1795 1699 1828 in
1726 1795 1919 1829 Maderam!
1938 1804 1968 1829 et

259 1871 382 1905 insulas
397 1873 608 1906 Fortunatas.

291 1957 350 1980 Ons.
366 1956 486 1987 Speciem
500 1954 697 1979 characteribus
712 1955 803 1986 paucis
825 1954 992 1982 distinctam,
1009 1954 1131 1985 cultuque
1152 1955 1332 1983 immutatam,
1351 1955 1417 1985 aegre
1434 1958 1531 1983 tamen,
1551 1954 1585 1978 ob
1601 1961 1732 1977 summam
1746 1961 1806 1978 cum
1822 1954 1853 1977 A.
1873 1954 1967 1986 Alpina

258 2014 468 2043 similitudinem,
488 2014 653 2038 admisimus.
672 2011 751 2045 Quod
768 2011 802 2035 ad
820 2012 913 2036 florum
926 2010 1137 2045 magnitudinem
1155 1996 1258 2039 attinet,
1272 2011 1367 2036 eadem
1377 2016 1415 2036 est
1429 2012 1569 2036 ambarum
1581 2012 1766 2035 inconstantia.
1787 2012 1815 2034 In
1829 2012 1858 2034 A.
1873 2011 1963 2035 albida

259 2077 310 2095 tota
322 2072 422 2103 planta,
435 2073 484 2096 nisi
500 2074 526 2095 in
543 2073 669 2096 varietate
680 2072 782 2096 viscosa
799 2071 839 2102 (Α.
854 2071 954 2094 viscosa
965 2070 1039 2100 DC.)‚
1053 2073 1169 2093 tomento
1187 2068 1278 2097 denso,
1295 2076 1370 2097 cano,
1388 2069 1504 2100 undique
1518 2070 1637 2097 vestitur,
1653 2074 1677 2093 et
1690 2070 1757 2092 hanc
1772 2069 1966 2092 canescentiam

260 2130 325 2153 adef>
340 2137 386 2161 por
399 2129 527 2161 plurimos
541 2136 623 2152 annos
635 2130 661 2152 in
679 2129 755 2152 horto
773 2129 914 2152 Parisiensi
930 2127 999 2151 cuit-'t
1020 2127 1142 2155 servavit,
1158 2130 1185 2149 ut
1198 2126 1285 2157 primo
1300 2126 1395 2149 intuitu
1409 2127 1488 2149 etiam
1504 2126 1641 2157 tyronibus
1655 2126 1733 2149 obvia
1754 2127 1796 2149 sit.
1813 2126 1885 2148 Folia
1905 2133 1966 2149 cau-

258 2187 309 2210 lina
334 2187 390 2210 basi
409 2188 546 2218 sagittata,
564 2194 611 2211 nec
632 2186 788 2211 auriculam.
810 2186 906 2209 Desunt
922 2192 1026 2216 quoque
1040 2183 1196 2215 plerumque
1216 2182 1347 2214 glandulae
1369 2182 1401 2205 ad
1420 2182 1496 2206 basin
1514 2182 1708 2206 fllamentorum
1726 2182 1888 2213 longiorum,
1909 2190 1966 2213 quse

259 2247 283 2267 in
302 2246 333 2268 A.
352 2245 446 2277 Alpina
461 2247 607 2277 conspicuae
626 2250 683 2269 sunt
707 2250 731 2268 et
752 2245 814 2268 satis
835 2244 971 2275 elongatae.
1001 2244 1052 2267 iias
1076 2243 1162 2269 solas,
1180 2246 1274 2273 praeter
1298 2241 1422 2264 soliorum
1441 2242 1530 2272 apices
1549 2239 1628 2271 paulo
1648 2240 1796 2263 obtusiores
1818 2240 1963 2263 secundum

257 2302 295 2324 ut.
313 2303 408 2333 Meyer,
425 2302 641 2327 distributionem
655 2303 838 2334 geograficam,
853 2306 876 2326 et
892 2301 1014 2325 habitum
1028 2298 1226 2331 quodammode)
1247 2297 1391 2325 diversum,
1412 2296 1576 2319 differentias
1593 2295 1751 2319 deteximus.
1767 2296 1898 2321 Arabides
1913 2298 1968 2320 Bil-

258 2360 385 2389 lardierii,
398 2344 553 2388 'brevisolia,
579 2365 602 2384 et
628 2360 760 2391 longisolia
774 2380 780 2390 ‚
800 2358 996 2383 characteribus
1014 2356 1087 2386 vagis
1109 2355 1142 2378 ab
1157 2354 1252 2378 illustri
1272 2354 1426 2384 Systematis
1450 2353 1583 2377 Naturalis
1603 2358 1708 2377 auctore
1731 2354 1908 2384 percuriosius
1931 2363 1968 2379 se-

254 2418 360 2448 junctae,
377 2421 434 2447 post
449 2416 647 2441 sedulissimam
667 2417 841 2448 speciminum
865 2416 890 2438 in
906 2412 1037 2438 herbariis
1050 2411 1251 2436 Billardieriano
1264 2415 1289 2435 et
1307 2411 1473 2434 Lessertiano
1487 2411 1636 2442 autopsiam
1647 2431 1652 2440 ‚
1673 2418 1732 2434 cum
1751 2411 1781 2435 A.
1800 2411 1889 2435 albida
1904 2419 1967 2436 con-

254 2474 363 2506 jungere
381 2473 453 2496 nullo
469 2473 549 2497 modo
567 2474 756 2497 dubitavimus.
772 2472 864 2496 Notuia
881 2473 976 2503 scripta
995 2472 1020 2494 in
1036 2470 1159 2494 herbario
1174 2469 1320 2493 Banksiano
1335 2470 1445 2497 amissa,
1460 2469 1511 2493 huc
1526 2471 1680 2493 memoriter
1698 2478 1745 2494 nec
1766 2472 1822 2495 sine
1844 2471 1966 2494 haesitan-

257 2533 291 2555 tiit
305 2532 335 2554 Α.
353 2531 532 2562 thyrsoideam
544 2539 705 2555 revocamus.

666 2690 1130 2744 MATTHIOLA.
1185 2690 1244 2739 R.
1298 2689 1528 2739 BROWN.

313 2840 454 2881 CALYx
475 2845 664 2889 erectus„
682 2837 841 2880 foliolis
864 2841 889 2878 2
911 2834 1203 2878 exterioribus
1230 2833 1325 2877 basi
1346 2833 1537 2877 saccatis.
1557 2832 1728 2875 PETALA
1746 2832 1961 2885 obovata‚

254 2927 333 2962 aut
349 2920 561 2977 oblonga„
579 2920 731 2977 plana„
756 2924 835 2960 aut
853 2915 1086 2960 undulata.
1106 2912 1299 2956 STAMINA
1322 2913 1552 2963 edentula.
1580 2912 1732 2957 libera.
1761 2913 1962 2957 OvARmM

254 3001 587 3056 cylindraceum
601 3035 611 3052 ἦ
633 3008 768 3050 teres,
786 2997 938 3041 sessile.
958 2994 1123 3045 SILIQUA
1154 3001 1267 3037 teres
1287 3001 1368 3036 aut
1391 2995 1786 3051 compressiuscula
1801 3028 1811 3046 ,
1833 2995 1959 3038 diva·
