2541 3936
1082 485 1249 528 (163)

343 570 524 600 Illecebrum
537 572 690 602 Italicum.
710 573 784 602 Vill.
804 574 830 602 ιή
845 573 971 602 Sclzrad.
990 574 1090 603 Journ.
1108 574 1192 602 1801.
1210 574 1265 603 tab.
1281 574 1309 602 4.

344 635 526 665 Illecebrum
539 635 745 666 Narbonense.
762 639 797 666 V
797 638 836 666 ill.
852 639 870 666 l.
889 650 911 666 c.

342 698 530 739 Paronychia
546 700 717 740 Hispanica.
734 703 800 732 DC.
813 704 921 741 Encyc.
939 704 990 732 vol.
1004 703 1031 731 5.
1045 713 1115 742 pag.
1131 702 1178 731 24.

343 763 523 793 Illecebrum
533 765 724 804 longisetum.
738 767 840 795 Berlol.
854 767 931 795 Flor.
951 767 1013 795 Ital.
1028 768 1080 795 vol.
1095 767 1124 796 3.
1140 777 1208 806 pag.
1224 766 1291 796 733.

352 832 437 863 ΗΑΒ.
458 832 495 864 10
516 831 623 865 insuia
642 832 784 865 Canai-ia
802 833 921 865 rarior.
940 832 1150 877 Despreaux.

352 906 506 938 Drsrmss.
524 916 627 938 onoc.
642 904 694 938 Ab
714 906 863 950 AEgypto
879 902 1077 949 (Deliles),
1100 914 1160 950 per
1179 911 1285 937 totam
1301 905 1477 950 regionem
1499 907 1599 940 maris
1612 907 1852 943 Mediterranei
1873 909 1917 944 ad
1939 910 2025 944 insu-

304 977 349 1009 las
365 979 471 1022 usque
482 978 702 1011 Canarienses
716 976 774 1010 ubi
787 975 856 1022 jam
875 975 1025 1009 rarescit.
1045 975 1147 1022 Alpes
1163 988 1301 1022 quoque
1318 984 1352 1010 et
1371 979 1550 1025 Pyrenaeos
1565 979 1629 1013 sub
1648 982 1786 1016 nomine
1798 981 1844 1016 P.
1861 983 2021 1029 pogygo-

302 1047 452 1093 m'folice
464 1077 472 1091 ,
491 1062 568 1095 quae
581 1061 672 1082 mera
694 1049 834 1096 hujusce
848 1049 968 1095 speciei
987 1049 1130 1083 varietas
1146 1076 1154 1092 ,
1177 1049 1317 1083 scandit.

335 1122 394 1147 Ons.
412 1122 502 1147 Van-iat
515 1124 540 1146 in
556 1122 602 1147 hAc
617 1122 698 1153 specie
712 1129 799 1147 mucro
813 1122 912 1151 cuculli,
927 1129 994 1146 nunc
1003 1122 1096 1149 brevis,
1109 1129 1175 1146 nunc
1187 1125 1215 1146 ut
1227 1122 1253 1146 in
1266 1122 1445 1153 speciminibus
1457 1124 1610 1155 AEgyptiacis
1623 1125 1762 1156 elongatus,
1775 1128 1881 1152 validus.
1897 1129 1932 1154 Eo
1946 1130 2027 1154 fretus

303 1183 332 1204 P.
348 1187 418 1205 suam
430 1181 575 1212 lonqisetam
588 1181 700 1205 instituit
712 1182 743 1206 cl.
761 1181 919 1206 Bertolonius
935 1181 1026 1211 calycis
1038 1187 1158 1205 mucrone
1170 1181 1303 1211 insignem,
1319 1184 1343 1206 et
1354 1181 1470 1207 varietati
1481 1183 1632 1214 AEgyptiacae
1643 1185 1792 1215 proximam.
1810 1186 1977 1213 Brevissimus
1989 1193 2025 1213 est

303 1240 327 1262 in
342 1239 463 1263 varietate
479 1239 666 1271 ροίῃῃοηιγοίίἀ.
682 1239 734 1264 Nec
750 1238 821 1270 longe
834 1240 891 1264 hinc
914 1240 1077 1264 distrahenda
1095 1242 1133 1264 est
1146 1241 1178 1265 P.
1198 1240 1295 1263 arabica
1312 1241 1375 1272 Dc„
1390 1240 1534 1272 quanquam
1550 1243 1645 1273 species
1666 1243 1699 1268 sit
1717 1243 1786 1269 certe
1800 1245 1929 1273 distincta,
1942 1247 1963 1270 si
1978 1245 2027 1276 qua

302 1298 388 1322 eadem
399 1298 430 1321 sit
446 1304 474 1322 ac
487 1299 626 1330 Corriyiola
639 1298 727 1322 albella
742 1298 828 1322 Forsk.
844 1316 849 1326 ‚
862 1298 903 1323 cui
912 1299 984 1329 calyx
1002 1297 1148 1323 brevissime
1159 1299 1201 1323 sed
1217 1297 1298 1323 valid'e
1312 1303 1483 1330 mucronatus‚
1495 1307 1574 1331 neque
1588 1304 1617 1325 ut
1632 1303 1657 1326 10
1672 1303 1807 1333 prodromo
1818 1303 1891 1334 longe
1910 1304 2025 1329 aristato—

300 1358 471 1379 mucronatus.

584 1470 1048 1515 PARONYCHIA
1093 1470 1175 1515 CA
1187 1472 1362 1515 NARI
1373 1473 1573 1519 ENSIS.
1610 1476 1740 1520 Juss.

348 1579 383 1609 P.
402 1577 496 1610 caule
519 1576 740 1620 fruticuloso,
762 1577 1004 1620 erectiusculo,
1031 1578 1133 1612 ramis
1152 1578 1342 1622 debilibus,
1359 1580 1536 1626 pendulis,
1561 1582 1653 1628 apice
1673 1582 1958 1629 pubescentibus3
1978 1585 2026 1619 fo-

300 1649 350 1683 liis
364 1649 574 1694 lanceolatis,
591 1651 708 1695 acutis,
723 1652 880 1698 appresse
901 1650 1185 1698 pubescentibus,
1202 1653 1355 1699 margine
1371 1653 1510 1698 ciliatis3
1533 1654 1674 1690 floribus
1693 1656 1726 1689 10
1744 1657 1918 1703 paniculos
1932 1658 2024 1692 laxos

299 1723 472 1768 plumosos
489 1724 698 1770 aggregatis3
720 1724 893 1771 calycibus
907 1725 1140 1772 cylindraceis,
1158 1726 1282 1760 foliolis
1301 1726 1409 1770 hirtis,
1424 1729 1518 1774 apice
1538 1728 1814 1773 conniventibus,
1831 1738 1889 1764 aut
1903 1732 2021 1765 cucul-

300 1795 391 1837 latis,
413 1796 656 1830 mucronulatis
670 1808 679 1840 3
692 1797 826 1843 capsula
843 1798 1072 1843 puncticulato
1084 1823 1093 1826 -
1112 1799 1251 1844 scabr2⁴13
1271 1800 1460 1835 seminibus
1487 1801 1569 1835 rufis
1581 1829 1592 1845 ,
1613 1811 1712 1837 ovato
1727 1823 1741 1828 -
1754 1804 1997 1838 reniformibus
2011 1831 2019 1847 ,

300 1868 448 1902 laevibus.

338 1939 519 1970 Illecebrum
543 1941 781 1974 suffruticosum.
802 1945 886 1974 Linn.
911 1947 967 1984 Sp.
998 1946 1044 1976 Pl.
1069 1947 1120 1975 vol.
1148 1948 1175 1975 1.
1193 1957 1263 1985 pag.
1291 1947 1362 1976 298.
1386 1956 1421 1976 ex
1444 1946 1600 1983 herbario,
1622 1947 1750 1978 exclusis
1772 1951 1969 1989 synonymia,
1996 1958 2025 1979 et

298 2005 405 2041 patria.

337 2069 521 2099 Illecebi·um
536 2069 725 2100 Canariense.
740 2073 826 2101 Lz'nn.
846 2073 938 2113 suppl.
954 2085 1023 2113 pag.
1043 2076 1108 2104 161.

338 2133 523 2173 Paronychia
538 2133 734 2166 Canariensis.
752 2137 832 2166 Juss.
851 2138 935 2166 Me‘m.
954 2139 1030 2167 Mus.
1050 2140 1101 2169 vol.
1118 2141 1217 2179 2pag.
1231 2140 1301 2170 390.
1316 2140 1392 2169 DC!
1409 2142 1491 2169 Prod.
1506 2142 1554 2170 vol.
1579 2143 1605 2170 3.
1623 2153 1692 2181 pag.
1710 2143 1779 2172 371.

335 2198 522 2238 Paronychia
541 2199 676 2229 Smithii.
697 2201 820 2240 Choisyl
838 2203 865 2230 in
878 2203 944 2231 DC.
961 2203 978 2231 l.
997 2215 1022 2231 c.

348 2266 429 2298 ΗΑΒ.
452 2267 488 2299 In
508 2266 712 2299 convallium
735 2267 878 2313 rupibus
895 2268 1014 2302 insulae
1031 2269 1209 2303 Tcneriffae
1229 2270 1307 2304 satis
1327 2271 1500 2316 frequens.
1525 2272 1686 2318 Legimus
1707 2272 1740 2306 in
1757 2274 1922 2307 montosis
1940 2285 2021 2320 pro-

297 2338 458 2372 montorii
474 2339 592 2381 Teno,
619 2339 650 2371 in
668 2348 784 2373 monte
801 2341 909 2374 Mem
930 2339 972 2374 de
997 2342 1149 2375 Texina
1173 2344 1280 2389 prope
1306 2346 1500 2390 Lagnnam,
1523 2345 1555 2378 in
1587 2345 1738 2379 convalle
1765 2345 1807 2380 de
1822 2346 2020 2394 Bnjamar,

297 2412 494 2457 caeterisque
509 2411 726 2455 borealibus,
744 2412 775 2445 in
791 2421 907 2447 monte
923 2412 965 2447 de
977 2414 1034 2448 las
1050 2416 1190 2450 Apenas
1206 2428 1312 2464 prope
1337 2419 1519 2452 Oratavam
1541 2426 1574 2452 et
1607 2419 1692 2453 circa
1720 2418 1812 2453 Icod
1827 2418 1868 2453 de
1887 2420 1940 2454 los
1972 2423 2023 2454 vi-

296 2497 360 2518 nos
373 2485 455 2531 legit
471 2484 554 2519 Chr.
572 2485 693 2519 Smith.
712 2486 906 2520 Invenimus
925 2499 1065 2533 quoque
1084 2489 1115 2522 in
1131 2489 1344 2524 convallibus
1362 2491 1455 2525 siccis
1471 2491 1554 2525 circa
1576 2491 1742 2538 oppidum
1759 2493 2021 2527 Sanctam-Cru-

297 2571 368 2592 cem
383 2585 390 2601 ,
409 2559 550 2604 aliisque
566 2558 683 2592 insulae
698 2559 833 2593 Palmae.
857 2562 895 2594 In
913 2562 1055 2596 Canaria
1071 2590 1079 2606 ,
1099 2564 1308 2610 Despreaux.

345 2635 500 2666 DisTRxss.
523 2643 626 2666 GEOG.
651 2633 759 2680 Stirps
776 2635 1000 2669 Canariensis.

337 2704 424 2733 Dese.
442 2704 622 2733 anmcums
637 2706 859 2736 ramosissimus
870 2729 877 2743 ,
890 2709 1105 2739 erectiusculus
1117 2733 1124 2747 ‚
1140 2717 1294 2740 tortuosus
1304 2734 1312 2748 ‚
1328 2711 1459 2742 nodosus
1469 2735 1476 2748 ,
1493 2714 1603 2742 cortice
1617 2715 1735 2743 cinereo
1746 2736 1753 2750 ,
1766 2715 1859 2744 ramis
1872 2714 2018 2755 elongatis

295 2768 448 2798 debilibus
460 2792 468 2806 ,
485 2768 626 2807 pendulis
636 2791 644 2805 ,
659 2769 881 2800 rufescentibus
893 2795 900 2807 ,
923 2773 1006 2810 apice
1026 2773 1108 2811 pube
1121 2773 1207 2803 brevi
1222 2781 1345 2813 patente
1359 2775 1458 2805 hirtis.
1476 2776 1500 2805 F
1502 2787 1566 2805 0111
1582 2776 1746 2806 lanceolata
1758 2799 1766 2814 ‚
1780 2784 1833 2807 aut
1851 2779 2019 2809 ovato-lan-

296 2833 407 2862 ceolata
421 2856 428 2869 ,
444 2832 638 2871 pubescentia
649 2855 657 2869 ,
673 2833 754 2872 pube
771 2836 911 2873 appressa
922 2858 929 2872 ,
947 2836 1010 2865 laete
1030 2837 1157 2875 viridia,
1174 2839 1308 2877 margine
1324 2839 1424 2869 ciliata
1435 2862 1443 2877 ,
1458 2841 1542 2879 apice
1561 2848 1758 2879 mucronata,
1773 2842 1907 2872 breviter
1919 2845 2016 2882 petio-

296 2898 355 2927 lata
367 2920 375 2934 ,
394 2897 514 2936 stipulis
531 2897 644 2936 petiolo
663 2898 817 2937 subduplo
834 2898 1037 2939 longioribus,
1059 2902 1209 2939 scariosis,
1229 2904 1326 2932 ovatis
1338 2926 1346 2941 ,
1365 2905 1471 2933 acutis.
1490 2904 1604 2934 FLones
1620 2906 1651 2934 in
1670 2906 1802 2946 capitula
1821 2906 1996 2938 dichotoma
2008 2933 2014 2945 ,

296 2962 497 2991 ramosissima
508 2985 515 2998 ,
536 2962 845 3002 plumoso-pendula,
864 2963 902 2993 ad
915 2965 1012 3003 apices
1027 2975 1181 2994 ramorum
1201 2965 1314 3005 digesta
1325 2989 1332 3003 ,
1355 2968 1450 2997 rarius
1468 2968 1531 2997 solo
1548 2979 1649 2998 macro
1666 2969 1851 3001 abbreviata.
1875 2970 2016 3001 Bucnffi

297 3026 395 3065 calyce
411 3025 617 3065 sublongiores
628 3050 635 3064 ,
655 3028 798 3065 scariosae,
815 3036 927 3066 ovatae,
944 3036 1050 3060 acutae.
1067 3029 1159 3059 CAer
1172 3030 1391 3070 cylindraceus,
1407 3031 1540 3062 breviter
1554 3035 1721 3073 stipitatus‚
1740 3034 1850 3064 foliolis
1863 3035 2018 3075 elongato-
