2541 3936
1301 464 1464 507 (108)

530 558 623 587 usque
637 549 752 582 fissum,
766 549 897 587 margine
911 558 1040 581 erosuin,
1054 549 1135 584 apice
1152 555 1285 577 acutum.
1304 550 1472 578 Fimmzum
1487 549 1638 583 subulam,
1654 549 1753 586 petalo
1768 549 1914 587 longiora,
1931 550 2067 585 incurva,
2083 550 2145 577 basi
2163 560 2229 578 mo-

531 611 690 649 nadelpha,
703 612 878 650 gynophoro
888 611 927 639 ad
941 611 1025 639 basin
1040 611 1133 638 ovarii
1144 611 1268 646 inserta,
1281 611 1380 640 medio
1394 611 1484 648 petali
1498 611 1644 645 incisurae,
1657 618 1686 638 et
1698 612 1745 639 axi
1757 612 1878 640 caulinae
1891 613 2041 649 opposito,
2057 612 2232 641 lateralibus

531 674 621 710 petali
634 674 829 712 marginibus,
843 682 872 701 et
887 673 990 711 calycis
1005 672 1115 701 foliolis
1128 672 1246 701 duobus
1258 673 1458 711 superioribus
1478 673 1631 710 oppositis¹
1645 672 1749 703 Srnus
1763 673 1872 702 nunus.
1890 674 2035 703 Suetus-m
2055 675 2229 713 pyramida-

530 737 580 771 lia,
596 744 695 771 acuta,
709 737 747 764 ad
756 737 869 774 apicem
881 736 974 764 ovarii
986 746 1174 765 mucronum.
1188 737 1312 766 Cusum
1327 740 1339 765 1
1355 737 1407 765 lin.
1425 736 1524 776 longa,
1541 737 1795 775 depresso-ovata,
1807 738 1888 774 apice
1900 737 2068 773 constricta,
2082 738 2228 773 revoluta,

530 800 627 834 hians,
644 799 837 834 .1-locula1·is,
859 799 1000 834 4-valvis,
1020 800 1221 838 4-cuspidata,
1245 800 1337 830 valvis
1361 800 1594 836 follicularibus,
1620 799 1806 838 marginibus
1827 798 2027 836 placentiferis
2049 801 2225 830 introssexis.

528 863 685 891 Pnacmvrffi
698 861 866 900 parietaleS‚
884 863 1061 898 incrassatae,
1080 863 1111 891 in
1130 863 1280 902 capsulam
1296 863 1452 893 valvarum
1467 863 1626 892 inflexione
1647 869 1783 901 protusae.
1806 862 1921 891 SEMJNA
1941 863 2095 893 valvarum
2113 864 2228 902 angulis

528 926 661 961 condita,
674 925 817 956 lateribus
826 926 1010 963 cumbentia,
1027 926 1231 963 horizontalia‚
1243 928 1372 968 ideoque
1383 928 1514 958 radicula
1526 939 1560 956 ex
1575 927 1752 957 ascendente
1765 926 1967 956 horizontalis.

999 1070 1439 1115 EXPLICATIO
1482 1072 1624 1115 TAB.
1672 1072 1755 1113 IX.

579 1189 606 1208 ιι
626 1176 777 1209 Plantula
796 1175 926 1210 florida.
949 1188 982 1209 2.
1005 1175 1120 1209 Planta
1143 1175 1333 1220 fructifera,
1349 1176 1459 1210 ambae
1479 1176 1713 1222 magnitudine
1731 1176 1886 1210 naturali.
1907 1176 1940 1210 3.
1962 1176 2039 1210 Flos
2060 1177 2223 1222 pedicello

521 1247 679 1289 insidens,
704 1247 804 1294 petali
825 1255 859 1280 et
877 1248 1059 1281 staminum
1078 1248 1191 1293 quoad
1214 1248 1303 1281 axim
1321 1248 1423 1282 situm
1441 1248 1622 1291 exhibens,
1645 1260 1723 1282 cum
1746 1249 1968 1294 sequentibus
1992 1248 2224 1295 magnitudine

519 1329 647 1354 auctus.
667 1320 703 1364 4.
721 1319 815 1355 Idem
839 1320 1058 1363 bracteolam‚
1074 1320 1196 1367 calycis
1211 1319 1324 1354 foliola
1338 1320 1373 1364 4,
1394 1321 1542 1366 petalum
1562 1320 1687 1368 biceps,
1704 1321 1845 1355 stamina
1861 1321 1896 1364 3,
1910 1329 1944 1355 et
1963 1322 2116 1356 ovarium
2135 1321 2225 1355 exhi-

521 1392 615 1426 bens.
635 1392 669 1426 5.
690 1392 855 1426 Petalum.
879 1392 913 1426 6.
938 1392 1064 1434 Petala,
1082 1392 1235 1434 stamina,
1251 1399 1285 1425 et
1299 1392 1466 1434 ovat-ium,
1490 1392 1602 1438 calyce
1617 1400 1651 1426 et
1670 1393 1838 1427 bracteola
1856 1393 1982 1436 recisis,
1999 1393 2100 1440 petali
2121 1394 2220 1427 situm

520 1465 631 1510 quoad
646 1465 794 1511 calycem
804 1465 976 1499 exhibens.
992 1478 1024 1512 7.
1039 1465 1134 1499 Idem
1150 1465 1265 1499 ovario
1277 1473 1409 1499 exsecto
1422 1473 1460 1498 ut
1473 1465 1654 1499 staminum
1666 1473 1700 1499 et
1711 1467 1812 1512 petali
1827 1467 1921 1509 situs,
1936 1474 1969 1500 et
1984 1467 2122 1500 insertio
2137 1466 2223 1499 inter

467 1528 470 1529 ⁷
519 1549 553 1570 se
568 1537 710 1570 invicem
723 1545 918 1584 appareant.
935 1538 968 1572 8.
990 1537 1145 1583 Capsula.
1162 1550 1195 1583 9.
1212 1536 1340 1571 Eadem
1353 1539 1541 1571 transverse
1555 1545 1654 1579 secta,
1673 1550 1751 1571 cum
1769 1538 1953 1572 seminibus
1967 1538 2128 1584 placentis
2142 1549 2223 1583 pen-

520 1610 689 1643 dentibus.
715 1622 766 1643 10.
784 1609 945 1655 Ejusdem
962 1610 1065 1645 sectio
1076 1610 1242 1643 seminum
1257 1610 1441 1655 posituram
1454 1608 1626 1642 exhibens.
1651 1622 1660 1643 1
1676 1622 1702 1642 i.
1718 1610 1846 1644 Eadem
1860 1610 2102 1656 longitrorsum
2118 1618 2218 1651 secta,

520 1682 649 1714 valvula
665 1684 785 1726 quarta
802 1684 926 1715 amota.
949 1694 1001 1715 12.
1023 1683 1153 1714 Semen.
