2541 3936
1032 471 1198 515 (127)

743 632 1148 678 EXPLICATIO
1192 635 1324 678 TAB.
1373 636 1481 678 XII.

321 748 346 767 1.
370 738 498 768 Ramus
518 735 670 769 floridus.
695 748 728 769 2.
751 736 845 770 Idem
866 737 1029 782 fructifer,
1047 739 1150 774 ambo
1172 740 1403 786 magnitudine
1426 740 1581 773 naturali.
1610 739 1642 773 3.
1674 742 1836 774 Ovarium
1857 741 1965 788 longi-

265 807 412 840 trorsum
428 815 570 849 sectum,
584 820 662 841 cum
679 808 778 854 stylo,
795 817 828 842 et
845 810 1079 855 stigmatibus,
1098 812 1188 845 unde
1205 819 1321 844 mutua
1338 812 1480 844 invicem
1503 812 1649 856 partium
1668 812 1847 857 longitudo
1862 826 1963 859 appa-

264 886 355 921 reat3
373 890 451 912 cum
469 879 688 924 sequentibus
704 880 937 926 magnitudine
955 888 1105 914 auctum.
1121 882 1156 924 4.
1179 883 1314 915 Stamen
1325 881 1519 915 :introrsum
1537 882 1659 915 visum.
1682 882 1714 916 5.
1747 884 1841 918 Idem
1857 886 1964 919 visum

263 952 279 982 a
301 950 415 983 dorso.
439 951 472 983 6.
495 951 654 984 Antherae
673 959 886 997 segmentum
904 952 1135 995 horizontale,
1156 952 1245 986 unde
1267 953 1374 986 forma
1401 951 1475 996 ejus
1493 952 1670 996 quadrata,
1692 962 1725 986 et
1750 957 1871 989 sacculi
1888 958 1962 1002 pol-

263 1022 328 1055 line
346 1023 470 1065 onusti,
488 1031 636 1068 pateant.
660 1035 692 1069 7.
712 1024 839 1069 Stigma
864 1024 1064 1070 papillatum
1086 1037 1126 1058 ex
1151 1024 1364 1070 stigmatibus
1380 1024 1400 1058 5
1423 1024 1552 1058 coalitis
1571 1026 1774 1059 confectum.
1797 1030 1830 1061 8.
1852 1029 1943 1061 Pistil

262 1095 332 1127 lum
347 1094 566 1140 androphoro
582 1095 797 1140 impositum,
815 1104 849 1130 et
868 1097 988 1131 foliolis
1003 1097 1160 1144 calycinis
1180 1097 1352 1130 vallatum.
1375 1110 1407 1143 9.
1431 1097 1593 1130 Ovarium
1611 1099 1737 1131 annulo
1755 1101 1960 1133 staminifero

263 1165 423 1208 insidens,
444 1168 632 1200 transverse
650 1174 793 1209 sectum⁷
807 1175 845 1201 ut
864 1168 963 1201 ovula
976 1169 1077 1213 septis
1088 1168 1300 1215 incompletis
1315 1169 1470 1203 funiculis
1483 1170 1674 1204 mzeandriis
1689 1171 1894 1205 adhaerentia
1907 1185 1963 1219 pa-

262 1247 365 1272 teant.
394 1251 444 1272 io.
465 1239 615 1273 Ovulum
633 1241 713 1272 aura
736 1240 886 1274 seminali
911 1240 1063 1275 nondum
1080 1241 1282 1284 irroratum,
1303 1242 1476 1276 multoties
1502 1251 1657 1284 auctum,
1684 1256 1707 1276 ιι
1729 1252 1919 1286 exostoma‚
1940 1245 1960 1277 b

263 1312 417 1356 immina,
434 1323 451 1344 c
471 1311 652 1345 secundina
669 1319 702 1344 et
715 1311 740 1345 d
754 1312 886 1345 tertiina
905 1324 963 1345 seu
982 1312 1122 1346 nucleus
1140 1325 1200 1359 per
1217 1314 1397 1358 priminam
1414 1315 1675 1348 translucentem
1693 1316 1815 1357 visae‚e
1831 1316 1961 1350 funicu-

262 1382 313 1415 lus
331 1383 561 1416 vermicularis
587 1391 620 1416 et
646 1390 831 1417 tortuosus.
865 1395 875 1415 1
889 1396 917 1416 1.
948 1384 1092 1429 Capsula
1115 1384 1360 1430 longitrorsum
1384 1392 1491 1427 secta,
1521 1393 1557 1418 ut
1578 1394 1668 1431 septa
1691 1388 1783 1433 apice
1801 1390 1959 1434 perfecta.

261 1454 373 1488 medio
392 1454 607 1499 incompleta,
621 1454 810 1488 videantur.
846 1467 898 1488 12.
916 1456 1050 1488 Semen.
1080 1453 1131 1487 13.
1155 1454 1249 1488 Idem
1265 1467 1342 1488 cum
1362 1456 1549 1502 embryone
1565 1466 1597 1491 et
1614 1460 1834 1506 perispermio
1848 1462 1956 1507 longi-

262 1528 411 1561 trorsum
429 1527 622 1561 dissectum.
648 1528 700 1570 14.
731 1527 884 1572 Einbryo
901 1534 1090 1573 excerptus,
1111 1527 1371 1573 cotyledonibus
1388 1536 1459 1562 arte
1479 1531 1660 1576 explicatis.
