2541 3936
1227 458 1396 504 (172)

452 553 523 580 18:27,
540 557 595 581 pag.
612 549 684 580 260.)
696 549 818 579 partibus,
828 547 917 577 quibus
924 547 1009 570 sormae
1022 546 1266 575 inconstantissimae‚
1279 547 1400 576 deductae,
1414 546 1531 576 ponderis
1543 551 1601 571 sunt
1614 546 1747 571 admodum
1760 546 1852 577 exigui.
1865 547 1917 572 Nec
1931 546 2038 577 patriam
2050 547 2111 571 salso
2122 554 2169 571 no-

448 609 539 634 tavisse
555 608 759 634 Willdenowium
774 606 910 631 verisimile
923 609 970 632 est,
987 604 1123 635 specimina
1139 605 1206 628 enim
1218 605 1308 635 plantae
1326 608 1418 629 nostrie
1433 605 1647 630 Broussonetiana
1661 607 1687 629 in
1700 605 1788 630 insulis
1803 605 2002 630 Canariensibus
2016 607 2069 630 sine
2085 606 2168 630 fructu

447 668 519 696 lecta,
532 669 557 691 et
566 665 581 691 a
595 665 803 691 Willdenowiano
812 663 894 694 quoad
909 662 975 691 solia,
992 669 1021 687 ex
1032 662 1200 693 descriptione
1212 663 1245 687 cl.
1259 663 1418 693 Ehrenberg,
1429 669 1479 688 non
1495 663 1667 693 abhorrentia,
1681 663 1708 687 in
1718 663 1834 688 herbario
1842 663 2028 688 Fontanesiano
2043 662 2169 688 examina-

446 725 539 749 vimus.
552 724 581 748 In
591 722 636 747 hac
651 721 732 752 specie
742 722 870 746 filamenta
880 720 947 744 inter
962 720 1024 744 duas
1039 719 1102 744 disci
1117 719 1244 747 crenulas,
1265 718 1348 743 minus
1359 717 1435 750 quam
1453 719 1479 743 in
1500 719 1525 743 T.
1544 719 1662 751 Africana
1675 719 1831 750 conspicuas,
1849 720 1968 750 insident,
1981 721 2092 745 antherae
2104 726 2169 751 quo-

444 788 493 812 que
507 787 557 805 nou
570 781 678 808 mutlcae,
691 779 806 804 breviore
819 781 903 803 tamen
917 776 993 809 quam
1009 777 1035 801 in
1055 778 1079 801 T.
1092 777 1188 801 Gallica
1208 783 1329 801 mucrone
1341 776 1473 808 apiculatae
1488 779 1557 806 sunt,
1571 777 1673 807 capsula
1686 776 1978 807 pyramidato-3-quetra
1990 780 2018 801 ut
2030 776 2056 801 iu
2071 777 2095 800 T.
2109 777 2169 800 Gal-

444 840 502 869 lica,
518 845 563 863 nec
582 837 821 868 ovato-3-angularis
836 840 864 861 ut
890 837 916 861 in
940 837 966 859 T.
981 836 1110 868 Africana.
1127 836 1299 860 Antherarum
1320 841 1408 859 mucro
1432 835 1459 859 in
1478 835 1608 865 speciebus
1625 833 1755 864 omnibus,
1786 841 1837 858 non
1861 834 1899 858 uti
1921 835 1997 864 solet,
2022 834 2168 859 connectivo

442 896 509 922 ultra
521 897 630 921 sacculos
646 897 753 927 prolato,
771 896 814 920 sed
825 895 838 920 e
855 895 960 920 sacculis
975 896 1045 926 apice
1057 895 1205 925 angustatis,
1218 897 1245 918 et
1256 892 1325 918 arete
1339 893 1532 921 cohaereutibus‚
1549 892 1665 917 efficitur.
1674 892 1748 925 Quod
1760 892 1790 916 ad
1807 892 1949 923 specierum
1961 892 2167 918 distributionem

443 954 634 985 geographicam
647 957 752 984 spectet,
769 953 863 985 species
871 953 950 984 magis
962 953 1082 980 borealis,
1103 955 1133 976 ut
1148 951 1257 980 videtur,
1275 951 1388 975 habenda
1400 953 1439 975 est
1458 951 1482 974 T.
1507 950 1612 979 Gallica,
1632 950 1711 980 magis
1723 949 1840 974 australis
1861 950 1887 973 T.
1908 950 2073 982 Canariensis,
2085 951 2168 975 omnia

442 1013 509 1038 enim
522 1012 658 1043 specimina
672 1018 727 1042 quae
740 1011 766 1035 in
781 1011 906 1036 herbariis
921 1017 950 1035 ex
962 1009 1058 1035 Oceani
1069 1009 1196 1033 littoribus
1212 1007 1385 1039 provenientIa
1399 1007 1508 1032 vidimus
1521 1007 1552 1031 ad
1571 1007 1594 1030 T.
1611 1007 1735 1031 Gallicam
1747 1013 1833 1031 veram
1844 1007 1982 1038 pertinent.
2000 1007 2048 1033 Sed
2066 1008 2118 1032 hoec
2129 1009 2167 1032 ul-

441 1071 520 1096 terius
530 1090 536 1101 ,
549 1074 574 1096 et
586 1070 618 1094 ab
630 1070 770 1100 anthologis
780 1069 859 1094 Gallis
869 1069 990 1099 ltalisque
1002 1067 1085 1098 potius
1097 1066 1260 1091 enucleanda.

474 1128 555 1153 Valde
567 1128 655 1153 similis
667 1131 704 1152 est
725 1128 749 1151 T.
763 1127 916 1154 Canariensi,
932 1126 956 1150 T.
971 1125 1107 1156 mannifera
1121 1124 1243 1153 Ebrenb.,
1259 1125 1284 1147 et
1305 1129 1335 1147 ex
1345 1123 1394 1147 levi
1409 1123 1522 1148 examine
1539 1124 1581 1147 vix
1601 1123 1678 1147 ullam
1694 1122 1836 1148 invenimus
1851 1123 2032 1148 differentiam.
2049 1123 2168 1149 Judicent

439 1187 482 1216 qui
498 1186 581 1211 vivam
591 1186 700 1211 videant.
712 1186 765 1210 Nec
781 1185 909 1215 probabile
927 1186 965 1208 est
983 1183 1114 1207 arbustum
1128 1181 1195 1206 idem
1211 1187 1278 1205 nunc
1300 1187 1393 1205 manna
1411 1180 1534 1205 exsudare
1551 1180 1738 1211 dulcissimum,
1764 1188 1831 1206 nunc
1853 1182 1917 1206 salso
1933 1185 2029 1206 scatere
2050 1182 2164 1206 humore.

440 1246 539 1276 Aquam
556 1243 570 1268 a
583 1244 724 1268 Tamarisco
738 1249 783 1267 suo
798 1241 956 1268 Narbonensi
971 1241 1011 1273 (T.
1028 1239 1199 1271 Οαηανίεηείῗ)
1216 1239 1313 1270 primus
1329 1245 1450 1264 emanare
1466 1238 1530 1264 vidit
1545 1239 1712 1270 Guettardus‚
1733 1238 1805 1271 (Obs.
1823 1246 1866 1264 sur
1880 1240 1915 1264 les
1927 1240 2039 1272 plantes,
2064 1243 2124 1264 tom.
2139 1242 2164 1266 2,

441 1309 497 1334 pag.
514 1302 611 1333 4525),
626 1301 692 1326 idem
702 1301 729 1325 in
741 1300 852 1331 Nigritia
862 1300 925 1325 vidit
937 1300 969 1324 cl.
985 1299 1123 1327 Perrottet‚
1137 1297 1185 1330 (Fl.
1203 1298 1294 1328 Seneg.
1308 1297 1358 1323 vol.
1372 1299 1396 1327 1,
1409 1303 1465 1327 pag.
1478 1296 1549 1328 ¹509),
1562 1299 1588 1321 et
1601 1302 1646 1320 nos
1656 1295 1792 1327 saepissime
1809 1295 1823 1320 e
1839 1296 1947 1322 dumetis
1966 1298 1990 1321 T.
2005 1296 2166 1322 Canariensis

439 1361 503 1392 aqua
515 1360 594 1385 rubra
609 1358 731 1385 nauseosa
741 1359 876 1384 madefacti
894 1358 988 1389 egressi
1001 1364 1096 1382 sumus.

471 1419 610 1450 Diagnoses
624 1419 650 1443 T.
667 1418 767 1443 Gallicce
782 1420 808 1442 et
826 1417 851 1442 T.
869 1416 995 1448 Africanoe
1007 1416 1192 1446 subjungimus,
1204 1418 1234 1439 ut
1251 1414 1265 1439 a
1281 1414 1368 1439 nostra
1379 1413 1475 1439 facilius
1487 1416 1662 1439 secernantur.

1048 1521 1239 1546 TAMARIX
1257 1520 1442 1546 GALLICA
1466 1520 1558 1544 LINN.

472 1606 505 1630 T.
522 1605 587 1630 soliis
597 1605 775 1636 glaberrimus,
788 1605 841 1629 basi
851 1605 1010 1635 subaugustis
1022 1613 1027 1634 ;
1040 1605 1108 1629 disco
1120 1605 1252 1634 hypogyno
1264 1605 1366 1633 S-gono,
1379 1601 1477 1633 angulis
1493 1603 1584 1631 acutis,
1596 1601 1740 1626 lobulorum
1751 1602 1864 1633 apicibus
1873 1602 1899 1627 in
1916 1603 2045 1628 filamenta
2053 1604 2107 1628 basi
2124 1604 2164 1628 di-

439 1665 517 1688 latata
530 1664 682 1694 attenuatis,
700 1664 812 1688 antheris
827 1662 1072 1693 elongato-cordatis,
1086 1659 1243 1686 breviuscule
1257 1659 1391 1691 apiculatis
1405 1669 1410 1690 ς
1422 1658 1523 1690 capsula
1537 1658 1590 1684 basi
1607 1659 1857 1691 rotundato-agona,
1877 1662 1947 1692 apice
1959 1661 2101 1692 angustata.

471 1723 592 1747 Tamarix
608 1722 714 1747 Gallica.
729 1722 800 1745 Linn.
812 1722 884 1752 Spec.
899 1721 990 1750 planc.,
1008 1719 1056 1744 vol.
1068 1721 1092 1749 1,
1109 1727 1166 1750 paq.
1181 1719 1309 1743 5862120.
1326 1718 1417 1748 Prod.,
1429 1718 1478 1742 vol.
1494 1720 1518 1749 3,
1531 1726 1589 1750 pay.
1601 1719 1654 1743 96?
1670 1719 1786 1744 Decaisn.
1809 1719 1902 1743 Florul.
1924 1720 2016 1744 Sinaic.
2038 1720 2102 1744 Anu.
2119 1720 2160 1745 Sc.

439 1781 507 1807 Nat„
521 1781 595 1810 1855,
611 1788 668 1811 paq.
682 1781 742 1804 261!
757 1779 845 1811 Spach.
859 1779 942 1803 Saites
952 1780 967 1802 ὰ
982 1778 1064 1810 Buff„
1077 1777 1128 1802 vol.
1146 1779 1170 1805 5,
1183 1785 1242 1809 pay.
1254 1776 1319 1801 482!

1032 1877 1226 1903 TAMARlx
1249 1877 1457 1903 AFRICANA
1483 1879 1577 1905 Pom.

469 1964 501 1989 T.
514 1964 579 1989 soliis
592 1962 758 1994 glaberrimis‚
774 1963 888 1993 margine
900 1961 1071 1991 subscariosis,
1086 1961 1292 1992 divergentibus;
1308 1960 1413 1985 floribus
1424 1961 1576 1992 majoribu53
1587 1961 1655 1986 disco
1668 1963 1799 1993 bypogyno
1813 1965 1931 1994 10-g0n0‚
1941 1964 2039 1994 angulis
2053 1964 2160 1991 obtusis.

436 2022 568 2048 filamentis
584 2023 651 2046 inter
664 2021 767 2051 angulos
790 2019 907 2049 insertis,
926 2019 1037 2044 antheris
1054 2020 1171 2049 muticis;
1186 2018 1287 2050 capsula
1306 2019 1462 2044 breviuscula
1484 2019 1677 2050 ovato-3-g0na,
1700 2020 1776 2045 valvis
1792 2019 1842 2046 late
1861 2021 2021 2052 lanceolam,
2043 2022 2112 2047 intus
2134 2025 2160 2047 1-

435 2081 535 2106 nerviis.

998 2186 1305 2217 EXPLICATIO
1338 2187 1438 2217 TAB.
1482 2189 1590 2217 XXV.

1000 2289 1420 2337 (Emendandoefiguroe
1437 2290 1471 2324 6.
1489 2304 1522 2337 7.
1541 2288 1593 2334 8.)

490 2399 517 2419 1.
540 2388 665 2421 Ramus
678 2387 833 2422 floridus.
854 2401 887 2422 2.
906 2389 1071 2423 Ramulus
1088 2389 1211 2423 foliifer
1225 2401 1302 2424 cum
1318 2390 1541 2437 sequentibus
1556 2398 1686 2425 auctus.
1707 2389 1741 2424 3.
1761 2390 1856 2436 Spica
1874 2389 2006 2424 florida.
2029 2389 2063 2433 4.
2084 2389 2162 2424 Flos

436 2460 577 2506 integer.
597 2459 629 2494 5.
652 2459 747 2494 Idem
764 2461 883 2508 petalis
898 2461 1032 2496 avulsis.
1051 2462 1085 2495 6.
1103 2475 1138 2509 7.
1157 2464 1294 2496 Stamen
1313 2464 1510 2497 anti-orsum
1524 2470 1558 2497 et
1574 2464 1763 2498 retrorsum
1781 2463 1904 2507 visum,
1922 2462 2158 2497 animadver-

434 2531 581 2567 tendam
606 2540 726 2568 tamen
747 2533 914 2569 antherae
932 2535 1146 2583 apiculam,
1165 2548 1239 2571 non
1262 2535 1461 2571 connectivi
1475 2564 1483 2580 ‚
1511 2535 1576 2571 sed
1596 2537 1825 2571 sacculorum
1849 2535 2110 2572 cohaerentiam
2129 2544 2161 2570 et

434 2613 702 2641 coarctatoram
713 2606 958 2655 productione
975 2608 1086 2656 effici.
1104 2609 1137 2643 8.
1157 2609 1322 2644 Ovarium
1337 2621 1416 2643 cum
1429 2609 1524 2656 stylis
1537 2617 1571 2644 et
1586 2609 1818 2656 stigmatibus,
1834 2608 1898 2644 sed
1910 2608 2034 2645 discus
2049 2609 2160 2657 hypo-

433 2691 553 2727 gynus
576 2683 869 2728 proetermissus‚
901 2689 933 2716 et
966 2681 1258 2729 (stigmatumP)
1287 2680 1514 2718 cicatriculae
1550 2681 1725 2718 delendae.
1768 2696 1800 2729 9.
1847 2683 1942 2730 Spica
1975 2683 2155 2718 fructifera.

441 2764 492 2786 10.
517 2754 661 2800 Capsula
676 2753 862 2789 dehiscens.
898 2768 952 2790 11.
975 2755 1105 2790 Eadem
1123 2756 1254 2791 valvula
1271 2756 1403 2800 avulsa,
1428 2764 1466 2791 ut
1490 2764 1673 2804 appareant
1697 2756 1824 2791 semina
1845 2756 2006 2803 placentae
2024 2755 2158 2790 basilari

433 2825 540 2860 affixa.
566 2839 620 2861 12.
640 2828 780 2863 Valvula
796 2829 984 2865 introrsum
1001 2829 1090 2873 visa,
1112 2841 1220 2864 nervo
1238 2829 1429 2877 stigmatico
1446 2837 1574 2865 notata.
1601 2830 1657 2866 13.
1677 2831 1812 2865 Semen.

1001 2964 1572 2982 κωφὴν
