2541 3936
1270 452 1436 497 (430)

506 546 658 580 cautione
674 543 935 584 observationes,
956 541 1206 586 nobismetipsis
1229 540 1436 582 diffidentes,
1462 549 1569 572 novos
1588 538 1715 572 ordinis
1739 537 1947 572 characteres
1964 536 2065 571 edere
2089 535 2198 569 volui-

506 629 591 651 mus.
611 615 716 657 Folia,
734 613 826 659 calyx
839 639 847 655 ,
863 612 972 658 petala
984 610 1251 644 Frankeniarum
1266 610 1426 656 patentia,
1446 609 1546 654 longe
1566 609 1800 655 unguiculata,
1817 608 1990 655 unguibus
2002 607 2201 654 parapetalis

507 689 625 729 auctis,
643 686 809 732 stylorum
831 683 970 717 demum
987 682 1173 716 liberorum
1188 682 1347 715 columna
1362 681 1530 726 elongata,
1547 680 1616 726 ipsa
1633 680 1823 726 specierum
1836 680 1932 714 facies
1944 687 2046 725 atque
2062 679 2202 721 indoles,

507 757 770 804 Caryophylleas
784 754 1016 789 recordantur.
1033 753 1176 788 Seminis
1190 753 1312 787 fabrica
1325 780 1333 796 ,
1349 753 1543 800 embryonis
1558 752 1666 786 forma
1683 759 1717 785 et
1735 751 1886 797 positura
1896 776 1906 794 ‚
1920 751 2155 797 Sauvagesieas
2170 759 2203 784 et

504 828 687 863 Violarieas
701 839 740 861 ex
757 838 856 872 aequo
874 826 1023 860 referunt
1037 853 1045 869 ,
1063 825 1128 858 illis
1143 837 1282 871 quoque
1306 824 1456 858 antheris
1472 824 1609 870 posticis
1622 822 1845 869 (quanquam
1861 822 2057 864 mobilibus,
2073 830 2107 856 et
2123 834 2202 856 con-

505 901 636 935 nectivo
658 899 856 933 brevissimo
878 897 1079 944 conjunctis,
1093 896 1106 943 )
1122 897 1225 931 ovarii
1244 897 1366 940 forma,
1386 896 1550 943 placentis
1568 895 1611 930 ad
1633 895 1785 929 medium
1803 894 1949 941 capsulae
1961 895 2102 938 ¹tantum
2125 905 2205 940 pro-

505 973 628 1014 tractis,
642 971 780 1015 affines3
799 971 841 1005 ad
853 971 913 1004 has
927 978 1042 1004 autem
1055 970 1159 1003 valvis
1172 980 1240 1003 non
1258 968 1401 1011 inflexis,
1415 968 1586 1014 placentas
1601 967 1777 1014 parietales
1796 966 1922 1010 medio,
1941 979 2002 1001 nec
2017 974 2055 1000 ut
2072 967 2105 1000 in
2124 968 2205 1000 Sau-

505 1044 665 1091 vagesieis
683 1042 893 1089 marginibus
918 1041 1132 1088 gerentibus,
1155 1040 1359 1074 dehiscentia
1375 1039 1571 1082 loculicida,
1596 1051 1658 1072 nec
1675 1038 1837 1086 septicida
1853 1038 1972 1072 rursus
1989 1038 2078 1073 haud
2101 1037 2204 1072 dubie

506 1122 718 1150 revocantur.
747 1113 989 1160 SauvagesieiS,
1012 1111 1169 1158 adempta
1197 1110 1464 1144 Frankeniarum
1492 1110 1583 1144 tribu
1594 1137 1602 1153 ,
1625 1121 1747 1156 genera
1771 1109 1791 1143 3
1818 1110 2007 1153 simillima,
2034 1112 2202 1156 Sauvage-

504 1189 604 1229 siam,
624 1186 824 1220 Lavradiam
836 1213 844 1228 ,
860 1192 894 1218 et
912 1183 1198 1229 Luxemburgiam
1223 1181 1467 1227 adjudicamus.
1486 1183 1550 1215 Eas
1572 1182 1659 1215 inter
1680 1189 1713 1215 et
1726 1182 1925 1224 Violarieas‚
1945 1182 2205 1229 Caryophylleis

501 1260 584 1292 mire
599 1258 812 1292 consentiens
825 1264 937 1290 arctus
954 1257 1031 1289 sane
1047 1263 1150 1301 atque
1166 1255 1320 1300 exiguus,
1334 1254 1479 1300 qualiter
1495 1265 1574 1287 eum
1592 1253 1722 1300 phrasis
1738 1253 1894 1287 definivit
1912 1260 2038 1296 nostra,
2051 1253 2203 1287 Franke-

501 1332 690 1364 niacearum
705 1329 815 1363 adhuc
830 1326 1087 1371 manebitordo‚
1099 1338 1203 1372 quem
1222 1326 1247 1359 si
1261 1337 1373 1360 macer
1386 1325 1529 1359 nimium
1543 1333 1645 1371 atque
1658 1325 1752 1358 exilis
1764 1325 1932 1368 videatur,
1946 1325 1989 1360 ad
2001 1325 2126 1359 calcem
2145 1337 2206 1372 po-

502 1405 566 1437 tius
581 1401 906 1448 Caryophyllearum
924 1401 1063 1442 iterum,
1079 1411 1158 1433 cum
1176 1410 1311 1432 summo
1331 1398 1533 1432 affinitatum
1557 1406 1855 1444 praemonstratore
1870 1399 1888 1431 J
1893 1397 2027 1441 ussiaeo,
2043 1397 2207 1432 reducere

504 1474 734 1516 maluerimus,
753 1474 856 1518 quam
869 1471 940 1504 aliis
957 1470 1126 1504 incondite
1144 1469 1320 1503 ordinibus
1333 1469 1506 1516 adjugare.

1035 1622 1216 1664 SECT.
1264 1623 1300 1665 Ι.
1346 1620 1663 1664 FRANCA.

504 1732 539 1772 C
542 1733 640 1773 aule
670 1746 831 1782 annuo,
857 1736 1071 1785 prostrato
1087 1764 1096 1779 ,
1107 1728 1235 1783 foliis
1269 1729 1460 1769 omnibus
1490 1728 1705 1784 quaternis
1740 1727 1986 1780 ειιόρῖαηίε,
2023 1727 2204 1774 retusis5

1077 1810 1285 1864 placentis
1310 1809 1620 1850 multiooulatis.

730 1968 1165 2013 FRANKENIA
1208 1967 1791 2012 PULVERULENTA,
1835 1968 1979 2010 LmN.

551 2080 589 2111 F.
617 2077 704 2111 foliis
734 2076 904 2118 obovatis,
932 2075 1068 2118 retusis,
1096 2074 1170 2120 pilis
1197 2073 1418 2116 brevissimis,
1449 2073 1665 2115 fasciculatis,
1692 2072 1796 2115 albiS‚
1823 2073 1975 2119 aspersis.
1996 2072 2117 2118 Calyce
2139 2073 2208 2118 gla-

509 2150 579 2183 bro.

546 2219 696 2259 Anthyllis
709 2218 877 2249 Valentina.
892 2218 971 2247 Clus-
988 2218 1080 2256 δαὶ-ρ.
1094 2218 1180 2256 Hz'sp.
1198 2227 1267 2255 pag.
1284 2215 1350 2245 480.
1366 2217 1442 2246 Icon.
1457 2217 1533 2245 Hisl.
1548 2217 1638 2256 plant.
1649 2217 1700 2246 vol.
1714 2218 1741 2245 2.
1757 2227 1784 2253 ρ.
1804 2216 1942 2255 186.fig.
1960 2218 1988 2244 2.

543 2285 656 2313 Franca
682 2284 839 2312 maratima
860 2281 1052 2321 quadrifolia,
1073 2291 1193 2316 annua,
1229 2291 1390 2319 purpurea,
1406 2281 1522 2319 supina,
1544 2281 1737 2320 chamaesyces
1758 2280 1832 2309 folio
1850 2287 1880 2309 et
1895 2280 1978 2309 facie.
2002 2281 2115 2309 Miclzel.
2133 2281 2205 2309 Nov.

511 2350 579 2377 Gen.
598 2359 669 2386 pag.
689 2349 738 2376 23.
753 2347 804 2375 tab.
820 2345 943 2384 22.fig.
964 2347 989 2372 1.

544 2412 713 2441 Frankenia
727 2408 957 2448 pulverulentai.
977 2408 1061 2436 Lz'nn.
1080 2409 1135 2445 Sp.
1151 2408 1192 2447 pl.
1209 2409 1261 2436 vol.
1284 2411 1308 2436 1.
1328 2420 1398 2447 pag.
1417 2409 1482 2437 474.
1506 2410 1617 2437 Lamclc.
1640 2411 1744 2448 Encyc.
1764 2410 1814 2437 vol.
1836 2410 1863 2437 2.
1888 2419 1955 2446 pag.
1972 2408 2038 2437 538.
2061 2407 2114 2436 tab.
2136 2407 2206 2435 262.

504 2477 564 2514 fig.
582 2477 611 2505 3.
625 2476 673 2504 Fl.
692 2475 801 2503 Graeca.
816 2473 869 2500 tab.
887 2471 955 2501 344.

559 2543 641 2574 ΗΑΒ.
669 2542 707 2573 In
722 2541 823 2573 arena
838 2538 953 2580 maris,
969 2543 1003 2569 et
1017 2535 1058 2569 ad
1075 2535 1145 2569 vias
1161 2534 1365 2581 oppidorum
1384 2536 1647 2580 maritimorum,
1665 2537 1822 2583 vulgaris.

559 2615 713 2646 Disnuss.
734 2621 836 2645 GEOG.
858 2609 910 2643 Ad
926 2608 1037 2642 littora
1053 2608 1153 2640 maris
1170 2607 1303 2649 interni,
1322 2614 1355 2640 et
1372 2607 1496 2641 Oceani
1513 2609 1728 2643 occidentalis
1747 2610 1854 2656 usque
1874 2610 1905 2642 in
1933 2608 2113 2642 Britanniae
2132 2619 2207 2641 oras

510 2685 763 2727 meridionales,
790 2683 891 2716 etiam
917 2683 950 2715 in
976 2680 1232 2714 Mediterraneis
1246 2679 1332 2713 circa
1356 2680 1552 2724 Matritum,
1578 2689 1612 2715 et
1635 2684 1737 2716 Aram
1763 2683 1854 2716 Jovis
1879 2683 1910 2715 in
1930 2681 2100 2728 Hispania.
2120 2680 2210 2726 (Pa-

514 2757 616 2803 Ιαῑι.)

515 2921 610 2949 mai-q.
627 2910 706 2940 Brcs.
722 2917 751 2938 et
766 2910 869 2949 Pan-ag.
890 2910 907 2948 ᾗ
921 2919 948 2937 v.
962 2918 1028 2947 pag.
1047 2910 1095 2936 30.
1115 2912 1144 2935 et
1155 2905 1229 2934 ibid.
1245 2916 1312 2944 pag.
1329 2907 1396 2935 325.
1410 2913 1464 2935 aut
1478 2908 1509 2935 in
1526 2907 1618 2935 Mem.
1634 2908 1713 2936 Mus.
1729 2908 1804 2937 Hist.
1819 2907 1890 2937 Nat.
1909 2907 1966 2937 vol.
1983 2909 2010 2935 2.
2028 2917 2094 2945 pag.
2111 2907 2159 2935 40.
2179 2914 2209 2935 et

517 2960 572 2988 vol.
593 2964 638 2991 12.
653 2972 718 3001 pag.
738 2963 785 2990 77.
