2541 3936
1292 448 1454 491 (200)

532 539 672 577 placentis
683 537 817 575 undique
835 537 1023 564 circumcirca
1034 534 1130 570 affixa,
1146 540 1176 563 et
1185 535 1256 562 hinc
1271 534 1423 571 superiora
1437 538 1532 561 erecta
1543 554 1550 568 ‚
1563 531 1689 560 dorsalia
1704 531 1909 568 horizontalia,
1926 532 2066 561 inferiora
2080 532 2217 570 pendula.

529 601 631 629 Srrws
640 610 756 638 anceps,
768 599 938 628 suberectus
952 620 959 634 ,
970 598 1095 627 demum
1110 599 1140 626 in
1151 597 1253 626 fructu
1267 597 1351 626 extus
1366 597 1516 624 incurvus.
1533 594 1641 623 Suom
1653 600 1785 624 acutum.
1798 593 1888 622 Coccei
1900 593 2077 623 sollicularia
2090 616 2096 630 ,
2112 604 2223 633 angus-

529 665 642 692 tissima
655 685 663 698 ,
680 662 780 691 medio
792 671 843 699 per
863 661 1068 699 diruptionem
1081 660 1119 689 ad
1135 659 1284 699 placentas
1296 658 1496 697 irregulariter
1512 657 1694 685 dehiscentia
1708 678 1715 692 ‚
1731 656 1866 684 dimidiis
1881 656 2084 694 superioribus
2095 664 2222 694 recepta-

528 725 594 754 culo
605 747 612 761 ‚
628 724 783 753 valvarum
803 723 937 752 dimidiis
954 723 1146 752 inferioribus
1162 723 1309 751 immersis
1332 728 1456 757 notato,
1477 721 1564 749 dorso
1583 719 1710 749 solidato
1729 720 1921 757 persistente,
1942 709 2098 748 attinente.
2113 720 2222 748 Siarum

528 789 653 817 minima
667 809 674 823 ,
687 787 769 815 fusca
778 808 787 822 ,
806 786 1040 825 elongato-ovata
1052 809 1059 822 ,
1073 794 1125 815 aut
1140 785 1382 825 subpyriformia,
1396 785 1598 814 minutissime
1608 785 1721 819 striata,
1734 783 1796 812 basi
1812 782 1849 811 ad
1862 781 1962 811 hilum
1973 781 2130 820 apiculata,
2143 784 2223 820 apice

526 852 565 880 ad
588 851 737 880 chalazam
764 850 957 879 acutiuscula.
985 850 1201 879 szspmmun
1227 860 1396 885 carnosum,
1411 848 1599 878 tenuiculum
1619 870 1626 883 ‚
1652 848 1772 876 seminis
1796 854 1915 885 tegmen
1939 852 2082 875 crustans.
2107 845 2224 873 Ermum

525 915 720 943 brevissimus
734 937 741 949 ‚
767 913 955 943 claviformis.
979 913 1182 942 Cori-Lenones
1199 913 1360 943 rotundato
1372 930 1382 935 -
1394 918 1487 941 ovatae
1502 934 1508 946 ,
1521 911 1642 940 sessiles.
1663 910 1807 939 Rimanti
1819 908 2045 948 cotyledonibus
2061 910 2223 947 angustior,

528 978 713 1013 brevissima,
723 977 878 1013 conoidea,
889 977 954 1005 basi
963 975 1176 1006 obtusiuscula.

1107 1122 1412 1151 EXPLicArio
1445 1122 1552 1151 TAB.
1586 1112 1650 1150 36.

582 1228 610 1248 ι.
633 1215 748 1248 Planta
766 1215 894 1260 integra
915 1213 956 1247 ad
980 1213 1110 1247 tertiam
1125 1212 1301 1246 diminuta.
1328 1225 1360 1246 2.
1384 1212 1508 1246 Rosula
1536 1212 1696 1246 foliorum
1716 1212 1885 1257 scapigera
1915 1221 1993 1243 cum
2021 1210 2163 1243 stolone.
2189 1209 2222 1242 3,

528 1286 688 1320 Ramulus
705 1298 810 1333 cymae
830 1285 985 1327 floridus,
1006 1285 1110 1319 ambo
1127 1284 1357 1331 magnitudine
1378 1284 1531 1318 naturali.
1553 1283 1587 1327 4.
1608 1283 1740 1316 Folium
1756 1293 1835 1316 cum
1852 1281 2071 1327 sequentibus
2093 1281 2225 1327 magni-

528 1359 642 1393 tudine
657 1366 806 1393 auctum.
823 1358 857 1393 5.
880 1358 1017 1392 Corolla
1034 1369 1111 1391 cum
1130 1357 1329 1391 staminibus
1344 1360 1362 1391 ἐι
1380 1356 1593 1403 receptaculo
1608 1363 1745 1389 resecta.
1764 1354 1797 1388 6.
1816 1354 1967 1388 Petalum
1988 1365 2066 1387 cum
2086 1353 2225 1386 stamine

529 1431 700 1477 opposito.
726 1442 759 1478 7.
782 1431 886 1477 Calyx
903 1430 1028 1464 corolla
1044 1430 1156 1464 avulsa
1173 1441 1251 1463 cum
1271 1430 1452 1464 staminum
1466 1428 1637 1463 verticillis
1654 1427 1789 1462 duobus
1806 1426 1839 1460 in
1857 1426 2104 1472 praessoratione
2117 1426 2228 1458 ovaria

531 1502 734 1536 foventibus.
753 1502 788 1536 8.
806 1502 925 1535 Ovaria
937 1501 1029 1536 disco
1043 1501 1198 1534 immersa
1221 1500 1336 1546 petalis
1348 1507 1381 1533 et
1399 1499 1597 1534 staminibus
1614 1499 1746 1533 avulsis.
1766 1510 1800 1544 9.
1819 1498 1907 1532 Disei
1926 1505 1960 1531 et
1974 1497 2141 1531 columnae
2157 1508 2230 1530 cen-

529 1576 620 1610 tralis
634 1583 845 1622 segmentum
856 1587 933 1609 cum
942 1575 1066 1617 ovario,
1078 1575 1130 1608 cui
1145 1574 1270 1608 valvula
1282 1573 1385 1606 altera
1395 1572 1515 1614 ablata,
1526 1578 1752 1618 utappareant
1763 1571 1861 1605 ovula
1871 1571 2031 1617 placentis
2043 1569 2153 1602 affixa.
2174 1581 2184 1601 1
2194 1581 2226 1601 o.

530 1648 643 1681 Ovarii
661 1647 791 1681 valvula
806 1648 824 1681 a
840 1647 932 1681 disco
957 1647 1112 1681 extricata
1129 1674 1136 1689 ‚
1154 1654 1246 1691 parte
1267 1645 1440 1691 superiore
1459 1645 1580 1690 opaca,
1598 1642 1756 1676 inferiore
1774 1642 1957 1689 pellucidfi,
1974 1648 2134 1675 contextu
2151 1642 2231 1674 utri-

531 1720 633 1753 culari
653 1720 796 1762 laxiore,
814 1720 910 1754 lineis
925 1727 1036 1753 tamen
1051 1719 1094 1752 ab
1107 1719 1167 1752 hac
1182 1718 1223 1752 ad
1239 1718 1329 1751 illam
1345 1728 1413 1751 non
1432 1715 1638 1761 interruptis
1665 1727 1675 1748 1
1690 1726 1719 1747 1.
1742 1714 1853 1748 Ovarii
1869 1725 1945 1759 pars
1968 1713 2134 1759 superior,
2153 1724 2230 1746 cum

531 1792 638 1826 ovulis
651 1792 864 1826 inferioribus
878 1791 1045 1838 pendulis,
1061 1793 1079 1825 a
1096 1791 1189 1825 disco
1204 1790 1391 1837 hypogyno
1407 1789 1527 1822 soluta.
1556 1799 1608 1821 12.
1633 1786 1794 1820 Ovulum.
1819 1785 1873 1820 13.
1896 1786 1994 1820 Cocci
2011 1785 2228 1826 dehiscentia,

532 1876 607 1909 pars
624 1863 763 1898 inferior
779 1863 871 1898 disco
896 1863 1112 1898 confunditur
1123 1890 1131 1906 ‚
1147 1863 1300 1909 superior
1317 1861 1420 1896 dorso
1436 1860 1617 1906 superstite
1632 1858 1781 1892 adhaeret
1796 1883 1804 1899 ‚
1825 1857 1916 1892 disco
1935 1866 2025 1892 secto
2039 1886 2045 1899 ,
2067 1865 2099 1891 et
2116 1857 2234 1903 calycis

532 1936 646 1970 lacinia
660 1936 870 1982 persistente.
892 1935 944 1979 14.
962 1937 1094 1969 Semen.
1117 1934 1168 1969 15.
1190 1933 1356 1980 Embryo.

893 2073 1323 2117 GREENOVIA?
1357 2071 1812 2116 DODRANTALI
1824 2070 1863 2112 S.

569 2179 777 2216 Sempervt'vzmz
798 2178 959 2206 dodrantale
979 2177 1059 2206 foliis
1073 2178 1272 2215 integerrimis
1284 2199 1291 2212 ,
1306 2175 1540 2214 oblongo-ovatis
1551 2176 1660 2214 glabris
1674 2198 1681 2211 ‚
1696 2175 1846 2213 petiolatis
1860 2197 1866 2210 ‚
1883 2176 1976 2213 cymis
1994 2174 2162 2203 divaricatis
2182 2185 2235 2212 pe-

532 2241 671 2270 dunculis
682 2241 893 2280 calycibusque
907 2242 1007 2270 hirtis.

570 2306 674 2335 Planta
682 2305 874 2334 dodrantalis.
889 2305 971 2333 Folia
985 2304 1102 2339 obtusa,
1112 2304 1175 2332 basi
1186 2305 1215 2332 in
1225 2303 1374 2342 petiolum
1389 2309 1550 2332 attenuata.
1568 2304 1599 2329 ΙΙ
1608 2303 1674 2332 ’illst
1686 2304 1787 2331 Enum.
1801 2304 1882 2331 Hor-t.
1899 2304 1962 2331 Ber.
1977 2304 2026 2331 vol.
2042 2306 2068 2333 1.
2082 2314 2150 2341 pag.
2164 2304 2231 2331 508.

533 2370 614 2397 Link.
633 2371 662 2397 in
671 2369 753 2398 Buclz
762 2370 853 2407 Phys.
866 2369 977 2397 Besclzr.
995 2370 1063 2396 Can.
1082 2369 1140 2395 Ins.
1154 2378 1223 2406 pag.
1244 2369 1310 2396 155.

582 2436 665 2468 ΗΑΒ.
684 2437 721 2468 In
740 2433 905 2468 Teneriffa
920 2460 928 2475 ‚
950 2445 1059 2466 annua
1084 2441 1141 2466 aut
1161 2432 1308 2474 biennis,
1332 2435 1483 2466 Brouss..
1507 2433 1537 2465 in
1559 2432 1699 2478 rupibus
1716 2432 1874 2465 convallis
1898 2431 2107 2465 Martianez
2130 2434 2235 2478 prope

534 2510 672 2541 Portum
688 2509 943 2541 Orotavensem.
960 2505 1051 2539 Buch
1068 2505 1089 2539 1.
1108 2517 1137 2538 c.
1158 2516 1233 2551 pag.
1257 2504 1333 2537 166.

567 2579 628 2604 oss.
646 2580 832 2610 Sempervivum
845 2579 988 2602 ‹ledranmle
1002 2577 1056 2602 DC.
1071 2577 1136 2601 idem
1149 2580 1186 2600 est
1198 2583 1226 2599 ac
1241 2576 1267 2599 S.
1284 2583 1384 2599 aureum
1396 2575 1457 2600 Chr.
1474 2576 1561 2600 sinim.
1577 2576 1704 2601 Diversum
1720 2578 1795 2601 ruisse
1810 2577 1912 2607 stirpem
1922 2577 2156 2602 Willdenowianam
2168 2579 2192 2600 et
2207 2584 2235 2599 rx

535 2636 700 2666 descriptione
713 2636 756 2660 sua
770 2636 956 2666 suspicandum,
969 2641 1025 2659 nam
1042 2635 1098 2658 solia
1107 2634 1129 2658 ei
1143 2633 1258 2664 petiolata
1271 2633 1394 2661 attribuit,
1410 2639 1567 2663 annuamque
1585 2637 1627 2657 aut
1640 2633 1756 2658 biennem
1772 2634 1840 2661 dicit.
1858 2638 1884 2659 et
1899 2641 1929 2659 ex
1949 2635 2090 2659 testimonio
2106 2634 2146 2658 cll.
2166 2634 2234 2657 viro-

535 2700 591 2717 rum
604 2694 694 2721 Linkii,
709 2695 761 2724 qui,
779 2694 894 2717 herbario
907 2692 1078 2717 Wittdenowii
1094 2698 1143 2715 non
1167 2691 1308 2717 deficiente,
1332 2697 1376 2720 pro
1392 2689 1489 2714 diversa
1507 2689 1532 2713 in
1546 2690 1658 2720 catalago
1681 2690 1806 2714 Buchiano
1817 2690 1938 2719 inseruit,
1956 2694 2029 2721 atque
2049 2690 2124 2720 ipsius
2139 2690 2234 2719 Buchii,

536 2751 578 2779 qui
593 2750 724 2774 stationem
742 2750 765 2774 ei
775 2750 928 2774 maritimam
938 2749 1057 2779 assignat,
1069 2748 1127 2777 dum
1141 2749 1235 2778 species
1246 2750 1329 2771 nostra
1341 2747 1442 2771 omnino
1455 2748 1546 2776 alpina.
1571 2747 1659 2772 Planta
1677 2751 1713 2772 est
1733 2748 1810 2772 adhue
1823 2754 1921 2778 anceps,
1940 2752 2013 2778 atque
2029 2747 2134 2771 ulterius
2154 2747 2238 2777 inqui-

538 2807 622 2830 renda.
638 2814 682 2830 nec
699 2808 737 2831 hic
755 2808 837 2832 forsan
853 2808 894 2832 sed
908 2807 972 2831 inter
983 2806 1100 2836 Aichrysa
1111 2805 1192 2835 potius
1204 2805 1352 2828 collocanda.
