2541 3936
1299 470 1438 515 (94)

524 566 682 600 omnibus
698 565 866 599 alabastro
889 562 1016 603 liberis,
1044 560 1163 605 petalis
1179 558 1316 600 erectis,
1335 557 1456 603 parum
1475 553 1721 599 unguiculatiS,
1737 552 1916 586 filamentis
1934 552 2092 586 omnibus
2110 551 2226 586 filifor-

525 638 657 680 mibus,
684 635 921 682 glandularum
947 633 1013 665 situ
1040 638 1074 664 et
1096 630 1214 663 forma.
1242 626 1451 661 Jondrabam
1475 625 1556 670 erge
1580 634 1642 669 pro
1667 635 1790 669 genere
1812 624 1944 669 potum,
1974 636 2015 657 ne
2041 624 2227 657 Biscutellae

524 711 730 745 characteres
753 705 852 738 nimis
875 703 986 738 diffusi
1004 709 1038 735 et
1055 700 1191 735 obscuri
1221 698 1383 741 evadant,
1404 698 1508 743 quam
1535 708 1598 743 pro
1625 696 1757 742 generis
1781 695 1964 738 divisione,
1993 695 2116 729 habere
2142 696 2226 729 mal-

526 783 643 815 lemus.

853 905 980 949 JON
991 905 1216 948 DRABA
1264 904 1678 947 SULPHUREA.
1725 903 1897 946 Mssmc.

569 1029 599 1060 J.
625 1025 744 1071 calycis
767 1022 953 1057 calcaribus
980 1021 1133 1064 obtusis;
1153 1021 1288 1054 siliculis
1302 1021 1621 1066 punctam-scabris,
1645 1028 1702 1054 aut
1729 1021 1883 1063 laevibus,
1912 1018 2122 1065 marginibus
2138 1016 2229 1063 apice

523 1101 554 1133 in
574 1099 700 1145 stylum
717 1094 981 1141 assurgentibus.

562 1167 719 1198 Biscutella
734 1165 908 1195 auriculam.
928 1166 1014 1193 Linn.
1033 1165 1089 1203 Sp.
1107 1165 1153 1192 Pl.
1172 1165 1227 1192 vol.
1242 1165 1271 1192 2.
1289 1175 1359 1202 pag.
1380 1166 1449 1193 911.
1468 1165 1582 1192 Lamck.
1602 1164 1721 1200 Encycl.
1735 1164 1790 1192 vol.
1808 1163 1836 1191 3.
1850 1174 1920 1201 pag.
1938 1163 2005 1191 617.
2021 1164 2074 1191 (ab.
2091 1163 2157 1191 560.
2170 1162 2228 1202 fig.

520 1236 548 1262 2.
573 1233 679 1261 Gaerln.
696 1231 751 1258 vol.
768 1231 797 1257 2.
815 1229 869 1257 tab.
889 1229 954 1256 182.
977 1228 1106 1268 Desfont.
1128 1227 1171 1255 Fl.
1185 1228 1248 1255 All.
1266 1228 1320 1255 vol.
1336 1228 1364 1255 2.
1381 1237 1448 1265 pag.
1467 1227 1514 1255 73.
1530 1227 1595 1256 DC.
1612 1226 1656 1254 Fl.
1675 1227 1727 1254 Fr.
1744 1226 1800 1254 vol.
1814 1224 1842 1253 4.
1859 1236 1927 1263 pag.
1945 1225 2014 1255 689.
2028 1226 2108 1253 Diss.
2127 1226 2180 1253 tab.
2205 1227 2229 1252 1.

517 1297 578 1335 fig.
597 1298 625 1324 2.
642 1296 723 1331 Syst.
741 1294 796 1322 υοί.
811 1294 839 1321 2.
854 1303 922 1331 pag.
941 1291 1009 1320 407.
1028 1293 1104 1320 Brot.
1122 1292 1169 1320 Fl.
1187 1293 1258 1321 Las.
1276 1292 1331 1320 vol.
1350 1293 1376 1319 1.
1394 1301 1463 1329 pag.
1483 1291 1550 1319 573.

561 1357 702 1398 Clypeola
713 1356 890 1386 auriculam.
913 1356 1026 1385 Cranlz.
1044 1356 1126 1383 class.
1144 1366 1218 1383 cruc.
1233 1354 1338 1382 emend.
1355 1365 1425 1392 pag.
1440 1354 1489 1382 93.

563 1421 717 1451 Jondraba
731 1419 905 1458 sulphurea.
923 1419 1027 1448 Medic.
1050 1419 1120 1446 Gen.
1138 1419 1185 1446 Pl.
1200 1419 1286 1448 Fasc.
1306 1420 1331 1446 1.
1348 1429 1416 1456 pag.
1432 1419 1480 1446 27.
1500 1418 1554 1446 tab.
1570 1419 1596 1445 1.
1607 1416 1669 1456 fig.
1686 1416 1721 1444 14
1737 1427 1770 1445 ex
1783 1415 1913 1445 Moench.

562 1484 775 1522 Thlaspidium
790 1489 951 1511 saccatum.
969 1482 1092 1511 Moench.
1106 1481 1230 1510 Method.
1243 1492 1313 1519 pag.
1327 1481 1395 1509 218.

566 1547 727 1578 Biscutella
743 1545 931 1585 erigerifolia.
950 1546 1016 1574 DC.
1032 1546 1112 1573 Diss.
1131 1556 1158 1572 n.
1176 1545 1204 1572 2.
1222 1545 1303 1580 «ςγδι.
1317 1545 1372 1572 vol.
1384 1544 1414 1573 2.
1426 1554 1495 1582 pag.
1511 1542 1578 1571 408.
1596 1544 1683 1572 Prod.
1702 1544 1756 1572 vol.
1782 1547 1806 1572 l.
1823 1555 1894 1582 pag.
1913 1545 1978 1573 180.
1999 1544 2107 1572 Deless.
2126 1545 2166 1572 Ic.
2183 1546 2231 1572 sel.

525 1614 581 1643 vol.
595 1614 623 1641 2.
638 1613 692 1640 [ab.
710 1612 758 1640 55.

575 1681 661 1712 ΗΑΒ.
680 1680 717 1710 In
733 1677 821 1710 arvis
836 1677 923 1709 inter
937 1682 1075 1722 portum
1091 1681 1124 1707 et
1140 1672 1305 1720 oppidum
1326 1674 1491 1707 Orotava
1516 1673 1548 1706 in
1567 1673 1750 1716 Tenerifffi,
1767 1681 1800 1706 et
1817 1674 1848 1706 in
1873 1673 1978 1706 insula
1998 1673 2112 1706 Palma
2130 1675 2234 1719 prope

525 1751 597 1785 Los
610 1750 759 1784 Sances.

577 1824 735 1855 DisTnm.
756 1831 859 1853 GEOG.
886 1819 937 1852 Ad
962 1819 1072 1851 littora
1089 1817 1192 1850 maris
1206 1816 1444 1851 Mediterranei
1460 1818 1567 1863 magis
1584 1818 1810 1852 occidentalis.
1827 1820 1864 1851 In
1881 1818 1989 1851 Gallia
2007 1817 2234 1851 meridionali!

529 1894 646 1941 (DC.)
666 1896 701 1927 In
721 1893 895 1939 Hispania!
913 1892 1011 1937 (DC.
1029 1890 1142 1937 Lag.)
1158 1893 1196 1924 In
1221 1890 1414 1924 Balearibus
1433 1889 1744 1937 (Cambessedess)
1763 1893 1800 1924 In
1825 1891 2011 1924 Lusitania!
2034 1890 2237 1936 (Broter‘o.)

531 1969 569 2001 In
587 1966 745 2000 Numidia
762 1963 976 2011 (Dessontl)

560 2040 622 2065 Ons.
637 2036 732 2062 Generi
746 2037 856 2067 pertinet
868 2037 996 2061 Jondraba
1008 2035 1171 2060 cichoriisolia
1185 2035 1250 2059 Nol).
1265 2035 1408 2066 (Biscuteiia
1420 2035 1584 2059 cichoriisolia
1599 2035 1702 2065 Loisel.)
1713 2042 1768 2065 quae
1783 2035 1795 2059 a
1811 2034 1934 2064 Pyrenaeis
1950 2034 1974 2057 in
1987 2034 2136 2058 Dalmatiam
2150 2039 2174 2058 et
2188 2035 2236 2058 Ita*

528 2099 588 2122 liam
599 2096 734 2128 procurrit,
750 2095 806 2119 huie
817 2094 882 2118 enim
898 2093 1056 2118 adsciscenda
1072 2093 1100 2116 Β.
1115 2091 1212 2121 hispida
1223 2091 1276 2116 DC.
1290 2090 1303 2115 ὲι
1315 2091 1364 2122 qua
1375 2091 1454 2115 nihilo
1472 2092 1570 2115 diversa
1589 2095 1634 2115 est.
1655 2092 1706 2115 Nec
1721 2092 1750 2115 ab
1764 2092 1783 2115 1.
1803 2091 1950 2120 auriculam,
1964 2099 2038 2121 quam
2053 2091 2154 2115 silieuiis
2171 2099 2236 2116 nunc

528 2156 639 2183 laevibus,
657 2161 722 2178 nunc
739 2151 872 2182 nunciatis,
887 2151 998 2180 undique
1014 2157 1057 2179 per
1073 2148 1228 2178 Hispaniam,
1245 2151 1269 2172 et
1288 2147 1453 2176 Lusitaniam,
1468 2151 1491 2171 et
1512 2148 1537 2171 in
1554 2147 1642 2171 insulis
1655 2148 1849 2172 Canariensibus
1869 2148 1982 2178 legimus,
2003 2150 2138 2173 ullomodo
2155 2152 2236 2179 sejun—

530 2214 606 2242 gemla
619 2216 656 2237 est
669 2213 699 2237 B.
718 2209 868 2240 erigerisolia
883 2209 938 2234 DC.
953 2214 1007 2239 quoe
1025 2206 1130 2232 variatio
1151 2209 1187 2230 est
1207 2205 1304 2229 tantum
1323 2204 1374 2234 typi
1388 2204 1490 2234 vulgati,
1509 2211 1589 2235 neque
1605 2212 1650 2234 pro
1667 2205 1789 2229 varietate
1808 2206 1929 2230 habenda.

1066 2356 1512 2407 SENEBIERA.
1578 2357 1693 2407 DC.

588 2493 733 2537 CALYX
759 2494 904 2541 laxus,
930 2491 1187 2539 flavescens,
1211 2488 1433 2532 deciduus.
1461 2489 1632 2531 PETALA
1666 2490 1802 2531 nulla.
1833 2488 2083 2532 GLANDULAE
2109 2503 2237 2531 quo-

531 2588 663 2618 GYNAE
682 2574 739 2617 ad
761 2574 889 2618 basin
917 2573 1168 2616 staminum
1194 2571 1456 2613 breviorum
1466 2604 1475 2619 .,
1505 2570 1761 2613 2-dentatae.
1780 2570 1972 2613 STAMiNA
2004 2575 2050 2621 4,
2077 2569 2235 2618 libera7

534 2656 626 2699 basi
656 2656 863 2703 dilatata,
895 2669 1095 2711 quorum
1116 2653 1207 2695 duo
1238 2653 1421 2702 fertilia,
1453 2652 1543 2694 duo
1573 2653 1751 2695 sterilia.
1784 2652 1984 2695 OvAiuUM
2015 2653 2146 2708 supra
2169 2659 2237 2693 to-

536 2753 641 2780 rum
662 2737 801 2780 sessile
813 2771 822 2786 q
843 2735 1167 2784 orbiculatum„
1184 2735 1518 2790 emarginatum
1531 2767 1540 2782 q
1558 2733 1672 2788 stylo
1689 2733 1835 2782 nullm
1857 2740 1936 2774 aut
1953 2732 2234 2781 brevissimo„

536 2818 743 2873 stigmate
772 2817 986 2873 capitato,
1010 2814 1279 2863 rotundatoq
1302 2814 1351 2855 in
1377 2814 1555 2856 siliculae
1572 2814 1757 2856 crenula
1786 2814 2031 2856 nidulante.
2051 2812 2237 2856 SILICULA

538 2904 662 2954 septo
701 2897 947 2945 contraria„
985 2895 1282 2946 2-scutellata‚
1313 2894 1473 2949 astyla‚
1511 2894 1868 2942 convexiuscula„
1909 2909 2089 2950 rugosa,
2117 2895 2237 2951 apice

539 2985 745 3028 crenata„
787 2978 881 3020 basi
923 2977 1125 3027 cordata„
1167 2977 1304 3019 coccis
1338 2976 1685 3032 monospermis„
1727 2975 1915 3018 demum
1958 2975 2235 3025 solubilibus„
