2541 3936
1083 478 1222 523 (97)

307 566 470 615 latum„
489 580 633 608 nervo
649 565 798 608 medio
813 565 1021 609 obsoleto.
1038 564 1201 609 SEMlNA
1217 574 1639 625 ovato-compressa.
1659 569 1870 626 pendula,
1889 586 2010 613 mar-

307 646 471 701 ginata„
493 646 1069 704 reticulato-puncticulata.
1089 648 1201 691 testa
1218 649 1427 700 coriacea,
1446 649 1781 705 mucilaginosa,
1800 649 2011 694 funiculis

308 726 475 778 liberis„
511 727 606 772 basi
636 729 898 773 incrassatis.
928 729 1114 772 EMBuYo
1147 737 1317 773 ovatus.
1351 728 1662 773 COTYLEDONES
1691 732 2009 780 crassiusculae.

307 809 473 865 planae„
496 809 701 866 integrae,
736 810 1021 866 petiolulatae.
1050 809 1387 859 accumbentes.
1415 817 1494 851 aut
1524 810 1851 855 incumbentes.
1878 811 2013 854 RAm-

305 901 409 930 CULA
426 888 574 932 brevis
587 923 597 940 ,
614 890 801 940 rimalis.
819 897 899 932 aut
914 890 1108 933 dorsalis.

362 968 529 1011 HERBAE
557 984 740 1022 annuae⁷
766 969 887 1013 orbis
916 971 1053 1014 totius
1077 986 1296 1015 arvorum
1322 979 1367 1014 et
1395 971 1616 1015 ruderum
1641 973 1817 1022 incolae,
1835 980 2012 1021 erectae,

307 1051 465 1107 saepius
493 1051 692 1094 molliter
720 1050 1019 1109 pubescentes.
1050 1051 1184 1094 FOLIA
1213 1052 1481 1103 lanceolataq
1513 1053 1710 1109 integra„
1742 1053 2013 1096 inciso-den—

309 1138 423 1181 tata.
451 1133 594 1176 rarius
612 1133 929 1191 pinnatisecta,
961 1133 1173 1176 inferiora
1203 1132 1426 1190 petiolata.
1462 1131 1660 1176 CORYMBI
1687 1134 1900 1186 conferti,
1925 1142 2015 1178 ter—

309 1213 519 1264 minales,
561 1213 823 1266 ebracteati,
867 1214 1056 1257 demum
1087 1214 1136 1256 in
1168 1214 1308 1271 spicas
1345 1213 1574 1271 producti.
1608 1214 1828 1271 pedicellis
1860 1216 2015 1259 filifor-

308 1294 479 1345 mibus.
513 1294 954 1338 subhorizontalibus
972 1329 981 1347 ,
1015 1303 1095 1337 aut
1126 1295 1479 1339 ascendentibus.
1510 1295 1681 1338 FLOREs
1711 1297 1853 1354 parvi,
1884 1295 1986 1339 albi.

357 1376 437 1408 Osss.
468 1375 520 1409 Cl.
539 1374 743 1420 Rafinesque
761 1375 896 1408 Florula
913 1374 1140 1409 Ludoviciana
1154 1403 1162 1418 ,
1178 1387 1256 1422 pag.
1279 1374 1325 1410 85
1339 1403 1347 1418 ‚
1369 1378 1436 1421 qua
1457 1383 1507 1409 tot
1524 1387 1609 1410 nova
1625 1377 1762 1410 nomina
1785 1376 1948 1423 stirpibus
1965 1376 2016 1409 in-

311 1448 406 1489 visis,
426 1447 608 1493 dubiisque
633 1447 782 1490 invenit,
800 1447 988 1495 Dileptium
1008 1446 1123 1481 herbis
1143 1446 1296 1490 duabus,
1321 1446 1383 1493 ipsi
1401 1437 1544 1493 ignotis,
1562 1449 1580 1480 a
1600 1447 1736 1481 Robino
1753 1448 1914 1493 empirice
1929 1475 1937 1490 ‚
1958 1460 2019 1481 nec

309 1520 349 1553 ad
368 1527 475 1553 artem
491 1546 499 1563 ⁷
519 1519 726 1554 elucubratis
738 1547 746 1563 ,
770 1531 878 1566 genus
894 1518 1194 1563 obscurissimum,
1211 1518 1463 1554 characteribus
1485 1519 1610 1553 nullius
1634 1520 1798 1553 momenti
1820 1519 1995 1554 suffultum
2011 1548 2017 1561 ‚

311 1592 472 1626 condidit.
501 1592 662 1626 Huiccine
682 1603 744 1625 suo
758 1593 893 1639 generi,
910 1592 1085 1626 Nasturtio
1101 1601 1139 1627 ut
1154 1592 1289 1626 videtur
1307 1592 1328 1625 l.
1350 1606 1379 1627 c.
1402 1603 1470 1626 non
1486 1593 1585 1639 plane
1602 1592 1820 1635 abhorrenti,
1839 1592 2019 1639 Lepidium

312 1665 527 1711 Virginicum
546 1665 646 1698 Linn.
673 1665 854 1698 convenire
871 1663 1069 1711 (staminum
1088 1665 1211 1700 scilicet
1235 1664 1478 1700 abortientium
1496 1664 1590 1711 casu)
1607 1664 1734 1698 asserit.
1761 1664 1855 1697 Talia
1878 1664 2023 1698 scientia*

316 1737 489 1771 communi
512 1749 581 1771 non
606 1737 728 1783 parum
752 1744 963 1780 nocuerunt,
981 1744 1015 1771 et
1030 1737 1220 1785 Dileptium
1239 1738 1323 1772 dum
1346 1738 1430 1784 quid
1453 1740 1494 1772 sit
1518 1749 1713 1780 noscamus,
1738 1738 1890 1783 accipere
1908 1739 2026 1783 nequi-

314 1822 403 1845 mus.
422 1812 488 1843 Pro
500 1809 642 1856 Lepidio
658 1809 831 1856 Virginico
850 1820 974 1843 nomen
994 1810 1292 1856 Cynocardamum
1310 1811 1583 1844 resuscitavimus
1598 1810 1663 1856 (ι),
1681 1810 1747 1853 cui,
1763 1810 2025 1856 quibuscunque

312 1883 508 1929 embryonis
528 1882 652 1916 fabrica
676 1882 827 1925 interior,
843 1889 877 1915 et
894 1881 1135 1929 cotyledonum
1149 1883 1299 1926 cubatio,
1315 1884 1409 1930 parvi
1422 1883 1455 1917 in
1467 1883 1649 1930 generibus
1661 1882 1848 1917 condendis
1863 1882 2026 1917 habendae

315 1964 407 1998 sunt,
420 1955 577 1989 sectionis
588 1954 726 2000 Dileptii
742 1956 815 1988 DC.
831 1966 994 1988 numerus
1005 1955 1116 1988 forsan
1128 1953 1239 2001 major
1249 1954 1459 2002 adjugandus
1472 1964 1534 1990 est.
1549 1956 1778 2003 Cotyledones
1787 1955 1888 1990 habet
1897 1968 2028 1990 accum-

315 2030 446 2071 bentes,
462 2035 496 2061 et
510 2027 696 2061 radiculam
710 2027 864 2061 rimalem
880 2028 921 2061 C.
942 2027 1154 2074 Virginieum
1172 2028 1205 2061 in
1220 2028 1335 2061 insulis
1351 2028 1626 2071 Cwariensibus,
1646 2028 1903 2062 Maderensibus
1915 2055 1923 2070 ‚
1942 2035 1976 2061 et
1992 2028 2026 2060 in

315 2102 470 2136 America
481 2100 608 2134 boreali
622 2100 760 2144 lectum,
771 2112 834 2134 nec
845 2112 910 2135 non
926 2100 1109 2147 specimina
1120 2099 1395 2133 Porto-Ricensia
1405 2100 1448 2133 cl.
1463 2099 1620 2146 NVydlen
1635 2100 1719 2134 dum
1733 2101 1860 2147 species
1874 2112 2026 2134 summo-

317 2177 395 2221 pere
411 2174 531 2217 affinis,
547 2174 573 2208 si
587 2186 655 2208 non
671 2174 812 2207 omnino
831 2185 897 2207 una
908 2172 950 2206 sit
964 2179 1066 2218 atque
1078 2171 1209 2215 eadem,
1223 2173 1240 2205 a
1255 2171 1475 2206 Berlandiero
1487 2172 1531 2205 ab
1550 2172 1645 2205 urbis
1660 2173 1780 2206 Mexici
1796 2173 1981 2220 pomoeriis,
1994 2181 2028 2206 et

318 2248 355 2283 Τ
352 2249 492 2294 αιηρῐσο
512 2245 554 2280 de
572 2246 820 2293 Tamaalipas
838 2245 952 2287 missa,
970 2243 1187 2291 cotyledones
1203 2255 1322 2277 omnes
1337 2243 1585 2287 incumbentes,
1604 2252 1638 2278 et
1656 2245 1842 2279 radiculam
1859 2245 2027 2280 dorsalem

318 2318 463 2352 exhibet.
487 2317 669 2364 Speciebus
681 2318 872 2363 quoqueC.
887 2316 1061 2362 Virginico
1079 2315 1268 2358 simillimis,
1280 2317 1320 2349 L.
1339 2315 1481 2349 Eckloni
1495 2315 1633 2350 Schrad.
1653 2319 1694 2350 L.
1713 2318 1908 2352 Bonariensi
1923 2318 2022 2352 Linn.

320 2394 359 2424 L.
379 2390 550 2424 multifido
573 2390 663 2424 Poir.
688 2392 727 2423 L.
750 2392 854 2423 Novae
880 2388 1069 2423 Hollandiae
1087 2389 1190 2421 Desv.
1220 2386 1363 2421 eandem
1380 2387 1622 2434 cotyledonum
1643 2389 1849 2435 positionem
1866 2389 2024 2424 vidimus.

568 2553 1146 2599 CYNOCARDAMUM
1189 2552 1621 2597 VIRGINICUM.
1668 2554 1784 2597 NoB.

372 2664 412 2695 C.
435 2662 522 2695 soliis
539 2661 769 2707 irregulariter
783 2658 1049 2693 inciso-dentatis
1063 2685 1071 2701 ‚
1086 2657 1301 2691 inferiffl'ibus
1317 2657 1512 2692 lanceolatis
1524 2685 1532 2701 ,
1550 2659 1782 2704 superioribus
1797 2660 1989 2694 linearibus.

367 2732 462 2761 Iberis
475 2731 620 2761 humilior
631 2741 731 2760 annua
745 2730 920 2770 Virginiana
931 2729 1086 2758 ramosior.
1102 2730 1201 2757 Moris.
1217 2730 1294 2757 Hz'st.
1309 2730 1363 2757 vol.
1381 2731 1406 2757 1.
1419 2741 1448 2768 p.
1463 2730 1531 2759 311.
1548 2737 1613 2759 sect.
1631 2731 1659 2759 3.
1675 2732 1730 2760 tab.
1745 2732 1793 2760 21.
1804 2731 1865 2771 fig.
1882 2733 1910 2760 2.

368 2795 531 2835 Lepidium
548 2795 747 2834 Virginicum.
765 2796 851 2823 Lirin.
871 2796 928 2832 Sp.
947 2795 987 2832 pl.
1005 2794 1057 2823 vol.
1074 2795 1102 2821 2.
1120 2804 1148 2830 ρ.
1171 2795 1239 2821 900.
1256 2793 1366 2821 Michx.
1381 2793 1427 2822 Fe.
1442 2794 1508 2822 Bor.
1532 2797 1596 2822 Am.
1616 2795 1667 2823 vol.
1691 2796 1719 2823 2.
1740 2807 1771 2833 p.
1792 2796 1841 2826 27.
1862 2796 1929 2825 DC.
1950 2797 2032 2835 Syst.

332 2861 382 2889 τοι.
400 2861 429 2889 2.
442 2871 471 2897 ρ.
487 2860 553 2888 538.
570 2860 654 2887 Prod.
669 2859 720 2888 vol.
737 2861 804 2896 1.p.
825 2862 852 2888 1.

368 3012 408 3045 (1)
426 3011 562 3048 Κάρὸκμον
577 3010 630 3038 ew&
642 3009 847 3048 κυνοκέιρόαμον,
861 3009 914 3037 ὁιδὲ
926 3010 1022 3048 ἴῧηρις.
1037 3007 1136 3036 Diosc.
1153 3007 1205 3036 lib.
1221 3009 1249 3037 2.
1264 3018 1328 3047 cap.
1347 3008 1403 3037 144

429 3072 461 3089 ιιι
1905 3064 1940 3091 13
