2541 3936
1050 503 1221 549 (199)

725 648 1133 692 GREENOVIA
1168 648 1411 691 AUREA.
1444 647 1562 689 Non.

339 739 381 771 G.
401 738 486 772 foliis
500 739 732 785 glaberrimis‚
749 742 894 787 glaucis,
920 742 1066 776 obovato
1082 762 1096 767 -
1113 741 1326 788 spathulatis,
1344 740 1530 782 sessilibus,
1551 739 1704 785 margine
1725 738 1994 772 membranaceo-

291 810 528 857 cartilagineis,
543 814 629 858 saepe
646 813 874 859 irregulariter
884 813 1155 856 eroso-crenatis3
1171 813 1340 859 pedicellis
1351 811 1845 858 glanduloso-pubeseentibu5.

329 879 559 918 Sempervivum
573 891 707 911 aureum.
734 882 801 912 Chr.
824 884 918 911 Smitlz
939 885 1018 911 Hort.
1035 885 1098 913 Ber.
1117 884 1163 912 57.
1188 893 1221 911 ex
1238 883 1324 912 Link.
1343 884 1477 910 Hornem.
1505 884 1586 910 Hort.
1613 882 1703 919 Hasn.
1725 882 1830 920 Suppl.
1854 892 1924 919 pag.
1941 881 1992 910 60.

291 944 372 972 Linlc.
387 944 489 972 Enztm.
510 945 590 972 Hori.
609 945 697 973 Berol.
710 956 739 984 p.
755 946 803 974 20.
819 946 909 973 Buch.
924 946 1014 984 Phys.
1028 946 1139 974 Besclzr.
1154 947 1228 976 Can.
1244 947 1303 975 Ins.
1324 957 1354 984 p.
1372 945 1427 973 154
1442 952 1472 974 et
1488 946 1553 974 182.
1574 944 1647 973 DC!
1669 945 1754 973 Prod.
1770 946 1824 973 vol.
1843 946 1871 974 3.
1891 955 1919 984 p.
1936 944 1992 972 412

328 1006 560 1045 Sempervivum
572 1008 770 1046 calyciforme.
787 1009 874 1038 Hau).
885 1009 989 1048 Suppl.
1001 1009 1046 1038 Pl.
1061 1010 1147 1037 Sacc.
1157 1019 1227 1047 pag.
1242 1009 1290 1039 69.
1304 1010 1365 1036 Βοι.
1379 1010 1450 1046 Reg.
1464 1008 1518 1036 tab.
1534 1009 1600 1037 89-2.

329 1069 559 1109 Sempervivum
571 1071 757 1100 dodrantale.
771 1072 845 1101 DC!
864 1073 950 1103 Prod.
965 1073 1016 1104 vol.
1035 1073 1063 1102 3.
1073 1084 1144 1113 pag.
1160 1072 1228 1103 412.
1246 1074 1329 1101 Mc'm.
1349 1075 1442 1101 Crass.
1457 1083 1526 1111 pag.
1540 1071 1589 1107 40,
1607 1072 1660 1099 [ab.
1681 1074 1726 1100 11.
1744 1082 1781 1099 an
1796 1071 1993 1100 Willdenow?

329 1133 428 1162 Pastel
443 1134 480 1162 de
491 1133 588 1163 Risco⁴
603 1136 824 1163 Nivariensz'um.

328 1196 490 1235 Bequeque
500 1198 654 1226 eorumdem
666 1207 701 1226 ex
711 1198 783 1227 Mss.
800 1198 824 1226 F
826 1198 956 1228 euilliaei.

336 1263 418 1295 ΗΑΒ.
437 1263 472 1294 In
489 1262 699 1309 rupestribus
718 1263 813 1297 elatis
831 1264 948 1297 insulae
964 1264 1140 1298 Teneriffae
1151 1264 1192 1298 ad
1210 1264 1420 1299 altitudinem
1438 1265 1529 1309 4000
1546 1264 1671 1311 pedum
1690 1275 1790 1310 super
1813 1274 1989 1296 oceanum.

288 1333 461 1379 Legimus,
475 1334 532 1368 ubi
549 1334 630 1368 olim
640 1335 723 1369 Chr.
740 1335 863 1378 Smith‚
879 1335 921 1369 ad
944 1336 1100 1382 scopulos
1115 1336 1188 1371 Los
1205 1337 1375 1382 Organos
1391 1337 1518 1381 dictos,
1537 1338 1636 1383 supra
1652 1336 1797 1370 rivulum
1813 1335 1989 1381 alpestrem

287 1405 401 1451 Agna
416 1406 555 1441 Mansa
575 1407 668 1441 vallis
682 1408 898 1442 Orotavensis
913 1435 921 1451 ,
934 1415 967 1442 et
982 1408 1013 1441 in
1038 1409 1212 1444 montibus
1227 1410 1363 1444 excelsis
1380 1410 1452 1443 Los
1473 1410 1617 1455 Roques
1639 1407 1680 1442 de
1702 1408 1880 1449 Gzcz'mm'3
1895 1407 1989 1440 inve-

287 1477 337 1511 nit
354 1478 456 1512 etiam
472 1478 536 1512 sub
553 1487 669 1513 monte
694 1479 874 1527 Chiqzcc'ta
890 1480 970 1514 Chr.
987 1480 1096 1514 Smith
1118 1493 1157 1515 ex
1174 1480 1266 1514 Buch
1291 1481 1313 1515 l.
1332 1493 1362 1515 c.
1379 1488 1413 1514 et
1427 1481 1459 1513 in
1478 1479 1687 1526 rupestribus
1703 1479 1777 1512 altis
1795 1478 1858 1511 sul)
1876 1485 1991 1512 monte

287 1549 455 1584 Saucillo
476 1550 592 1585 insulae
609 1551 760 1585 Canariae
780 1552 983 1598 DespreauX.
1013 1552 1084 1586 Sub
1106 1552 1245 1586 nornine
1266 1560 1388 1586 crustae
1403 1551 1565 1598 rupestris
1587 1563 1645 1584 seu
1662 1550 1790 1584 Pustel
1805 1549 1846 1583 de
1861 1550 1970 1583 Risco
1983 1575 1991 1590 ‚

288 1621 462 1667 speciebus
476 1622 549 1656 aliis
564 1630 675 1656 tamen
696 1623 829 1658 contusa
842 1651 854 1667 ‚
870 1624 1037 1667 noscitur,
1058 1636 1259 1669 summaque
1278 1624 1352 1671 ejus
1370 1634 1469 1656 succo
1486 1621 1659 1655 efficacitas
1672 1648 1680 1664 ‚
1700 1629 1735 1655 et
1752 1621 1800 1655 vis
1816 1620 1858 1654 ad
1873 1632 1990 1654 omnes

286 1694 438 1741 corporis
454 1695 748 1740 conquassationes
763 1695 926 1730 sanandas
942 1704 1170 1743 praesentanea
1192 1695 1366 1739 tribuitur,
1388 1695 1465 1729 ideo
1484 1706 1550 1728 non
1574 1693 1731 1728 dubitant
1755 1701 1790 1726 ut
1820 1699 1853 1726 et
1882 1692 1991 1738 pullos

286 1773 458 1800 emortuos
470 1765 511 1800 ad
527 1766 629 1800 vitam
647 1767 771 1801 iterum
787 1780 947 1803 revocare
961 1776 1075 1815 queat.

334 1841 487 1873 Disrnm.
516 1851 619 1874 θεοῦ.
635 1840 742 1886 Stirps
756 1840 969 1875 Nivariensis.

323 1910 412 1940 Dese.
422 1910 547 1940 RAmcns
560 1910 662 1949 plures
677 1910 802 1941 fibrosae.
816 1910 920 1941 ciuus
934 1912 984 1942 vix
998 1911 1091 1948 ullus,
1103 1918 1155 1941 aut
1166 1911 1277 1947 brevis,
1286 1911 1397 1945 fuscus,
1406 1910 1550 1940 foliorum
1563 1908 1671 1938 rosulis
1679 1907 1928 1947 cyathiformibus
1940 1919 1990 1938 su-

284 1981 417 2013 peratus,
429 1973 558 2003 stolones
568 1981 620 2003 aut
630 1975 806 2014 propagines
820 1976 972 2005 emittens.
984 1976 1009 2004 F
1010 1986 1076 2005 omi
1088 1986 1194 2013 crassa,
1207 1975 1330 2011 sessilia,
1346 1973 1682 2014 elongato-spathulata,
1698 1980 1750 2002 aut
1763 1973 1891 2003 obovato
1899 1991 1915 1996 -
1923 1984 1991 2012 spa-

284 2038 403 2067 thulata
419 2061 427 2075 ‚
449 2038 598 2077 apiculata
613 2061 620 2076 ‚
647 2046 700 2068 aut
723 2041 835 2069 mutica
848 2063 855 2077 ‚
881 2040 1097 2079 glaucescentia
1108 2062 1116 2077 ,
1140 2040 1273 2078 margine
1288 2038 1517 2068 membranaceo
1530 2055 1545 2061 -
1557 2037 1747 2076 cartilaginea
1757 2060 1765 2073 ‚
1793 2039 1923 2076 integra,
1939 2044 1991 2066 aut

283 2102 415 2131 obsolete
428 2110 557 2133 crenata.
571 2103 674 2133 Scarus
684 2105 700 2133 ὲ
715 2104 815 2133 medio
827 2103 996 2133 rosularum
1010 2102 1208 2141 1-2-pedalis‚
1219 2102 1349 2130 sulcatus
1362 2123 1369 2138 ,
1383 2100 1485 2140 glaber
1495 2123 1502 2137 ,
1517 2100 1738 2136 foliosissimus,
1753 2100 1834 2129 foliis
1843 2100 1990 2135 obovatis⁷

283 2172 336 2194 aut
345 2166 525 2203 rotundatis,
536 2167 712 2196 imbricatis.
726 2167 807 2196 Rnss
820 2167 941 2196 floriferi
956 2166 993 2196 ad
1006 2168 1122 2205 apicem
1134 2166 1212 2203 scapi
1227 2165 1340 2204 cylnosi
1351 2187 1359 2201 ‚
1374 2164 1465 2193 semel
1482 2170 1535 2193 aut
1548 2164 1595 2193 bis
1609 2164 1774 2193 dichotomi
1786 2187 1793 2200 ,
1817 2165 1898 2202 apice
1916 2164 1991 2193 suh-

283 2229 367 2267 alati,
379 2230 574 2268 pubescentes
588 2254 595 2268 ,
605 2231 732 2261 bracteis
747 2231 920 2261 lanceolatis
931 2232 1037 2260 acutis.
1055 2230 1166 2258 FLotuzs
1179 2228 1351 2257 subsessiles
1364 2249 1371 2264 ‚
1386 2234 1439 2256 aut
1448 2227 1580 2256 breviter
1591 2226 1772 2265 pedicellati.
1789 2227 1882 2256 me
1892 2227 1992 2266 hypo-

283 2294 508 2330 crateriformis,
520 2294 892 2334 glanduloso-pubescens‚
902 2295 963 2323 sere
973 2294 1012 2323 ad
1027 2293 1164 2323 medium
1176 2293 1271 2331 usque
1286 2292 1526 2329 28-32-panitus
1536 2290 1652 2319 laciniis
1664 2290 1768 2320 lineari
1780 2309 1793 2313 -
1806 2291 1989 2327 lanceolafis,

282 2358 496 2394 crassiusculis,
511 2359 616 2387 acutis.
637 2358 750 2388 Parim
771 2359 865 2388 28-32
880 2380 887 2395 ‚
905 2358 1029 2386 linearia
1041 2380 1048 2394 ,
1065 2357 1198 2385 l-nervia
1211 2378 1218 2391 ‚
1238 2356 1371 2393 integra,
1395 2355 1478 2393 apice
1501 2356 1673 2384 acuminata
1687 2377 1694 2391 ‚
1716 2355 1832 2384 laciniis
1850 2355 1991 2394 calycinis

281 2421 460 2451 alternantia
475 2445 483 2459 ‚
498 2422 649 2461 subtripla
666 2423 801 2461 longiora
814 2445 821 2458 ,
841 2428 870 2451 et
885 2421 1046 2460 paululum
1064 2419 1141 2448 infra
1155 2429 1259 2448 earum
1272 2419 1370 2448 hasim
1385 2419 1466 2448 disco
1477 2418 1637 2458 hypogyno
1648 2420 1758 2448 inserta
1768 2441 1776 2455 ‚
1789 2420 1868 2448 inter
1883 2429 1912 2448 se
1927 2419 1990 2448 basi

281 2485 392 2523 libera,
405 2486 456 2515 sed
469 2496 525 2524 ope
540 2486 766 2515 filamentorum
777 2485 991 2514 alternantium
1000 2483 1113 2523 quibus
1126 2483 1280 2512 adhaerent
1294 2484 1324 2512 in
1337 2483 1485 2512 annulum
1497 2493 1638 2512 connexa.
1650 2483 1777 2512 SrAmmA
1792 2483 1881 2512 56-64
1896 2506 1904 2520 ,
1916 2494 1991 2523 quo-

282 2559 351 2578 rum
365 2550 452 2579 28-32
474 2549 580 2588 petalis
593 2550 731 2588 opposita
744 2571 752 2585 ‚
767 2555 836 2578 ante
851 2558 884 2577 ea
899 2549 1009 2577 inserta
1021 2569 1029 2584 ‚
1041 2554 1070 2576 et
1084 2557 1189 2576 eorum
1203 2546 1267 2575 basi
1281 2546 1388 2575 coalita
1402 2569 1409 2583 ‚
1429 2546 1563 2585 longiora
1578 2547 1672 2576 28-32
1687 2546 1885 2584 alternantia,
1901 2547 1991 2576 altius

281 2615 370 2652 supra
381 2613 498 2642 discum
510 2614 571 2643 sive
583 2613 709 2642 interius
721 2613 840 2642 inserta.
855 2612 879 2640 F
882 2621 1026 2640 1LAMENTA
1050 2611 1132 2648 apice
1150 2609 1290 2639 subulata
1304 2631 1312 2646 ,
1328 2611 1430 2639 omnia
1445 2610 1507 2639 basi
1529 2610 1662 2641 dilatata.
1684 2611 1832 2640 Ant-nun:
1842 2611 1992 2650 elongato-

280 2685 387 2714 ovatae,
403 2677 510 2716 planae,
524 2677 588 2707 basi
609 2684 639 2707 et
663 2678 746 2716 apice
757 2676 925 2706 rotundatae
934 2698 942 2712 ‚
955 2674 1077 2704 sacculis
1091 2675 1170 2703 inter
1180 2684 1210 2702 se
1225 2673 1446 2703 confluentibus
1456 2696 1465 2711 ,
1475 2674 1513 2703 ad
1523 2673 1617 2703 latera
1628 2674 1862 2706 dehiscentibus,
1881 2675 1991 2704 Ovum

280 2752 458 2781 compressa,
474 2743 619 2780 conserta,
631 2743 849 2781 angustissima,
862 2740 964 2770 medio
973 2740 1071 2768 antice
1081 2738 1121 2767 ad
1131 2738 1247 2776 apicem
1256 2737 1327 2766 disci
1337 2737 1426 2776 gibba
1436 2760 1443 2774 ‚
1453 2737 1490 2767 ad
1506 2738 1643 2768 medium
1654 2741 1750 2778 usque
1767 2739 1848 2769 disco
1871 2750 1992 2769 carnoso

280 2807 433 2843 immersa,
444 2806 601 2837 valvarum
614 2806 743 2836 dimidio
754 2806 907 2844 superiore
917 2803 1025 2839 libero,
1042 2803 1183 2838 coi-iaceo,
1193 2812 1296 2841 opaco,
1308 2801 1488 2839 rufescente,
1504 2802 1644 2832 inferiore
1655 2804 1808 2840 immerso,
1817 2804 1992 2833 tenuissime

280 2870 447 2908 chartaceo,
463 2871 627 2910 diaphano,
640 2871 728 2900 dorso
742 2876 880 2909 angusto,
895 2878 1002 2904 craSSO,
1015 2866 1128 2896 albido.
1147 2866 1306 2894 Prienam
1323 2865 1532 2900 Qvfiliformes,
1548 2867 1564 2894 a
1582 2866 1770 2905 receptaculo
1783 2878 1836 2906 per
1856 2867 1991 2898 inedium

280 2934 439 2964 valvarum
450 2935 736 2964 subhorizontaliter
746 2934 808 2963 sere
819 2932 857 2962 ad
869 2932 1005 2967 dorsum,
1021 2930 1075 2959 ubi
1091 2930 1298 2959 curvationem
1311 2929 1471 2958 efficientes
1484 2930 1709 2969 conjunguntur
1719 2953 1727 2967 ‚
1741 2938 1884 2969 protrusae
1897 2954 1905 2968 ‚
1920 2942 1991 2962 ova-

280 2998 362 3027 rium
371 2999 403 3028 in
418 3000 436 3028 2
447 3004 544 3038 partes
558 2998 620 3028 sere
628 2997 749 3037 aquales
760 2996 981 3036 dispertientes.
999 2993 1100 3024 Ovum
1110 2994 1356 3023 numerosissima
1368 2993 1397 3021 in
1410 3003 1537 3022 massam
1551 3001 1704 3033 aggregata
1716 3016 1723 3031 ,
1735 2994 1990 3034 elongato-ovata,
