2541 3936
1017 466 1185 512 (133)

257 555 319 583 basi
333 555 449 590 obtusa,
467 554 529 583 hilo
547 565 664 593 magno.
680 554 900 583 Pmuspmmnm
920 553 1037 589 album,
1053 554 1230 590 farinesum,
1247 563 1316 582 cum
1328 554 1403 582 testa
1418 553 1501 582 tenui
1513 552 1665 582 coalitum.
1685 553 1829 582 lecnm
1844 552 1958 581 brevis-

256 619 340 653 sima,
353 628 458 653 crassa,
474 617 591 648 obtusa.
609 618 810 647 CorvLEnomzs
824 618 1101 654 rotundato-ovatae,
1118 617 1250 646 radicula
1265 617 1360 656 duplo
1374 617 1533 656 lungioreS.

721 737 1157 782 EXPLICATIO
1200 738 1343 781 TAB.
1386 736 1489 779 XV.

728 841 795 897 (F
790 842 997 884 rankenz‘a
1015 842 1219 896 ericffolia
1235 864 1255 883 α
1275 841 1494 896 latg‘folia.)

310 958 336 979 1.
357 946 471 979 Planta
486 945 602 979 ssorida
622 945 854 991 magnitudine
870 946 1027 979 naturali.
1048 957 1080 978 2.
1096 947 1222 979 Ramus
1237 944 1379 979 floridus
1395 956 1473 978 cum
1491 943 1709 989 sequentibus
1727 946 1959 991 magnitudine

253 1025 382 1051 auctuS.
397 1018 432 1052 3.
446 1018 522 1051 Flos
535 1017 605 1063 jam
621 1017 806 1060 floriturus,
821 1016 904 1051 ssore
917 1017 1071 1051 abortivo
1085 1017 1154 1051 basi
1174 1017 1326 1064 stipatus.
1347 1016 1382 1061 4.
1401 1016 1496 1052 Idem
1511 1024 1660 1062 apertus.
1685 1016 1718 1049 5.
1735 1017 1954 1051 Androecium

254 1091 415 1138 pistillum
429 1090 555 1133 fovens,
572 1089 689 1135 petalis
703 1089 840 1123 duobus
852 1096 885 1122 et
897 1089 1008 1135 calyce
1019 1089 1152 1122 avulsis.
1172 1089 1206 1124 6.
1221 1089 1314 1123 Idem
1326 1089 1452 1124 corolla
1465 1089 1592 1124 avulsa.
1611 1101 1644 1137 7.
1661 1089 1811 1123 Anthera
1824 1098 1957 1124 antror-

256 1164 333 1197 sum
348 1163 426 1197 visa.
446 1164 479 1198 8.
499 1161 627 1197 Eadem
643 1165 662 1197 a
679 1161 781 1196 dorso
797 1162 875 1196 visa.
893 1174 926 1210 9.
946 1161 1126 1197 Pistillum.
1146 1160 1200 1208 (1)

690 1307 1133 1352 EXPLICATIO
1175 1308 1317 1351 TAB.
1362 1307 1527 1350 XVII.

671 1411 684 1466 (
693 1414 740 1454 F
736 1415 941 1455 rankenia
963 1415 1168 1468 ericffizlia
1185 1423 1205 1466 β
1221 1411 1543 1468 mz‘crophylla.)

304 1528 332 1549 1.
359 1516 474 1550 Planta
496 1516 626 1562 integra
647 1516 767 1550 florida
789 1524 822 1550 ct
844 1517 1013 1552 fructifera
1039 1519 1274 1565 magnitudine
1300 1519 1456 1553 naturali.
1477 1531 1510 1553 2.
1531 1518 1623 1552 Folia
1642 1530 1721 1551 cum
1741 1518 1959 1563 sequentibus

252 1587 484 1633 magnitudine
494 1594 600 1621 aucta.
615 1587 648 1621 3.
661 1587 877 1621 Alabastrum
889 1588 974 1622 foliis
984 1589 1005 1633 4
1015 1590 1237 1634 normalibus,
1250 1591 1406 1637 foliisque
1417 1591 1608 1625 adventitiis
1620 1590 1690 1624 basi
1701 1590 1961 1624 circumdatum.

251 1661 286 1703 4.
306 1660 383 1694 Flos
393 1668 530 1706 apertus
544 1658 631 1692 foliis
644 1660 853 1705 quaternatis
867 1660 937 1694 basi
956 1661 1097 1695 cinctus.
1122 1662 1156 1696 5.
1177 1663 1281 1710 Calyx
1302 1663 1404 1698 costis
1421 1663 1441 1699 5
1458 1663 1608 1697 elevatis.
1628 1663 1662 1696 6.
1683 1662 1779 1697 Idem
1798 1662 1959 1696 dissectus

250 1739 284 1765 et
306 1740 377 1765 arte
395 1733 579 1778 explicatus
600 1732 701 1765 costis
716 1730 736 1766 5
760 1731 849 1765 intus
865 1733 1029 1766 concavis.
1053 1745 1087 1780 7.
1107 1735 1259 1768 Petalum
1273 1735 1389 1781 junius
1405 1748 1446 1769 ex
1461 1736 1630 1769 alabastro
1647 1747 1726 1769 cum
1742 1734 1935 1781 parapetalo
1950 1761 1957 1775 ,

251 1816 364 1851 ungue
381 1804 534 1838 nondum
556 1805 733 1851 explicato.
755 1806 790 1839 8.
817 1804 912 1839 Idem
929 1805 1098 1839 adultum.
1126 1820 1159 1853 9.
1181 1809 1416 1854 Parapetalum
1434 1817 1506 1842 arte
1525 1809 1568 1842 ab
1586 1820 1700 1855 ungue
1712 1808 1872 1842 solutum.
1904 1821 1954 1841 10.

250 1876 468 1910 Androecium
483 1875 598 1922 junius
613 1888 674 1922 per
685 1875 838 1910 anthesin
854 1877 1008 1910 ovarium
1023 1878 1148 1921 fovens,
1162 1879 1348 1914 staminum
1363 1888 1441 1914 ante
1456 1880 1609 1914 anthesin
1625 1880 1912 1927 przessorationem
1924 1888 1957 1913 et

249 1948 519 1982 imbricationem
532 1948 706 1981 exhibens.
728 1961 781 1982 11.
796 1948 1016 1982 Androecium
1032 1961 1093 1996 per
1110 1950 1263 1984 anthesin
1282 1953 1498 1998 explicatum.
1528 1965 1580 1986 12.
1608 1952 1703 1986 Idem
1719 1960 1791 1986 arte
1811 1952 1958 1999 patefac-

248 2027 337 2062 tum,
353 2019 422 2053 basi
436 2020 470 2053 in
484 2020 647 2053 annulum
664 2020 835 2063 coalitum,
850 2033 928 2054 cum
942 2023 1134 2068 gynophori
1147 2023 1321 2058 foramine.
1344 2023 1396 2057 13.
1412 2024 1562 2058 Anthera
1573 2036 1652 2058 cum
1666 2024 1841 2058 filamento
1857 2024 1958 2070 plano

247 2092 353 2125 antice
370 2092 450 2125 visa.
471 2091 525 2135 14.
545 2092 672 2126 Eadem
688 2093 815 2139 postice
830 2093 897 2127 visa
911 2106 989 2128 cum
1003 2094 1176 2129 filamento
1191 2096 1353 2130 carinato.
1374 2095 1427 2130 15.
1448 2097 1614 2130 Ovarium
1629 2108 1669 2130 ex
1685 2096 1852 2130 alabastro
1869 2097 1957 2143 stylo

247 2163 317 2197 basi
341 2171 444 2197 recto.
473 2164 525 2198 16.
548 2164 642 2198 Idem
667 2172 750 2211 post.
769 2165 1050 2200 faecundationem
1073 2167 1161 2212 stylo
1185 2167 1256 2200 basi
1276 2167 1482 2213 geniculato.
1515 2180 1569 2214 ¹7·
1594 2168 1688 2201 Idem
1713 2168 1956 2214 longitrorsum

246 2243 373 2268 sectum
393 2236 581 2282 placentam
603 2236 645 2270 ad
668 2235 819 2269 medium
837 2237 991 2280 valvulae‚
1007 2245 1041 2270 et
1063 2238 1246 2271 ovulorum
1267 2239 1454 2284 posituram
1471 2239 1645 2273 exhibens.
1674 2242 1727 2275 18.
1746 2241 1910 2283 Ovulum,
1931 2254 1955 2274 ιι

245 2307 390 2349 chalaza,
404 2306 425 2339 b
445 2307 561 2353 raphe,
579 2319 596 2340 c
618 2307 738 2349 hilum,
761 2306 786 2340 d
804 2307 1000 2354 micropyla.
1028 2321 1082 2354 19.
1108 2309 1254 2355 Capsula
1279 2317 1412 2343 matura
1429 2310 1576 2356 hyalina,
1597 2311 1639 2345 ad
1655 2312 1747 2345 basin
1767 2325 1876 2358 usque
1894 2313 1953 2347 de-

246 2380 393 2422 hiscens,
413 2390 490 2412 cum
514 2378 674 2424 placentis
696 2378 931 2424 parietalibus,
953 2386 987 2412 et
1002 2379 1159 2413 funiculis
1177 2381 1452 2426 persistentibus,
1478 2383 1609 2427 liberis,
1626 2384 1727 2418 ovula
1752 2384 1953 2419 abortientia

244 2450 450 2497 gerentibus.
483 2462 541 2484 20.
573 2450 715 2484 Seminis
741 2450 859 2484 sormae
881 2450 1037 2495 diversae,
1063 2464 1088 2486 a
1112 2453 1216 2500 raphe
1242 2454 1331 2488 ultra
1356 2455 1526 2489 chalazam
1555 2463 1733 2502 protensa,
1757 2455 1778 2490 b
1798 2457 1930 2491 chalaza
1945 2485 1953 2501 ,

243 2534 260 2556 c
277 2522 401 2566 hilum,
417 2522 442 2556 d
455 2523 651 2570 micropyla.
677 2536 735 2557 21.
755 2523 849 2557 Idem
872 2524 1117 2570 longitrorsum
1140 2533 1270 2559 sectum
1283 2553 1291 2569 ,
1308 2527 1532 2574 embryonem
1549 2529 1582 2562 in
1603 2529 1717 2563 medio
1739 2530 1947 2576 perispermii

245 2595 393 2629 radicula
408 2595 449 2630 ad
469 2596 576 2629 hilum
593 2598 752 2630 conversa
770 2596 942 2630 exhibens.
961 2609 1020 2631 22.
1042 2597 1136 2631 Idem
1153 2599 1171 2631 e
1190 2605 1380 2633 transverso
1396 2608 1538 2634 sectum.
1560 2600 1618 2634 23.
1643 2602 1794 2648 Embryo
1809 2604 1827 2636 a
1845 2602 1950 2636 dorso

246 2667 349 2701 visus.
370 2669 426 2711 24.
444 2668 538 2702 Idem
553 2670 570 2701 a
585 2669 687 2702 latere
712 2669 801 2702 visus
816 2668 1077 2714 cotyledonibus
1094 2676 1165 2702 arte
1182 2670 1366 2716 explicatis.

278 2829 318 2863 (l)
331 2826 408 2855 Cum
421 2826 557 2865 plurimae
574 2826 665 2865 hujus
679 2825 788 2856 tabulae
802 2826 947 2866 analyseS‚
959 2827 1070 2856 florum
1082 2827 1193 2856 scilicet
1207 2829 1314 2866 stipes,
1326 2839 1398 2858 nam
1412 2829 1467 2858 flos
1481 2840 1516 2859 ex
1535 2836 1600 2860 toto
1615 2831 1734 2869 sessilis,
1749 2832 1948 2863 antherarum

239 2877 345 2907 sacculi
356 2879 530 2907 connectivo
545 2878 689 2907 continuo
701 2878 864 2916 conjuncti,
878 2877 972 2916 stylus
987 2877 1051 2907 basi
1064 2885 1173 2915 rectus,
1194 2878 1330 2918 aliaeque,
1343 2879 1593 2919 descriptionibus
1605 2883 1714 2911 nostris
1730 2883 1808 2912 male
1823 2885 1947 2914 omnine)

240 2929 433 2966 conveniunt,
449 2930 600 2958 varietatis
614 2932 763 2969 quoquess
779 2930 907 2965 iconem,
919 2935 950 2958 et
966 2930 1099 2968 partium
1116 2932 1181 2969 ejus
1191 2931 1331 2960 omnium
1344 2938 1505 2961 anatomen
1524 2932 1703 2971 pleniorem,
1718 2934 1829 2965 addere
1848 2936 1950 2966 volui-

241 2989 319 3019 muS,
333 2980 413 3010 unde
425 2981 538 3010 ordinis
553 2982 647 3011 totius
661 2980 843 3011 dilucidetur
852 2981 972 3010 fabrica.
