2541 3936
1078 451 1243 500 (.¹l5>

314 541 360 564 sub
381 541 479 564 nomine
506 541 573 564 riola
589 541 628 564 del
647 542 701 570 pico
720 545 775 564 nota
795 545 840 564 est.
865 541 958 564 Plantae
977 541 1036 565 vivae
1053 541 1149 564 sumnia
1162 541 1222 564 cura
1242 540 1254 563 e
1269 545 1352 565 monte
1365 542 1462 570 detatae,
1477 542 1570 566 semina
1583 546 1665 568 terroe,
1680 546 1722 566 aut
1734 542 1825 572 pumici
1837 542 1953 571 contrito,
1970 550 2011 567 cu-

313 595 446 619 riosissime
466 595 605 623 commissa,
628 596 691 619 aeris
711 596 835 620 interioris
856 603 940 620 auram
960 595 1105 620 crassiorem
1121 596 1163 620 diu
1184 596 1309 626 nunquam
1326 599 1432 623 tolerare
1445 602 1590 628 potuerunt,
1612 603 1635 622 et
1656 598 1668 622 e
1682 599 1815 623 seminibus
1828 599 1919 624 nostris
1934 601 2011 623 hortis

313 652 486 680 Mittorctiensi,
500 655 524 675 et
540 652 684 676 Bassanensi
700 653 856 677 Paroliniano
872 653 982 682 confisis,
997 655 1111 684 plantulae
1125 652 1165 677 vix
1182 658 1260 677 enatae
1277 654 1415 684 perierunt.
1429 655 1502 678 Nulla
1521 653 1579 684 ergo
1591 654 1644 678 icon
1657 661 1686 678 ex
1699 655 1789 684 plantis
1796 656 1869 680 cultis
1879 658 2009 686 speranda.

313 710 418 738 leonem,
438 709 555 732 ineditam
572 710 660 737 adhuc,
677 708 791 732 accurate
806 709 916 732 exaravit
931 710 1064 733 monachus
1088 710 1226 734 indefessus
1247 714 1271 734 et
1292 710 1350 734 vere
1365 711 1524 740 reverendus,
1549 712 1688 741 Feuittaeus,
1707 713 1809 736 alteram
1831 713 1896 737 inter
1916 714 2011 743 plantas

311 766 493 796 aequinoctiales
507 765 681 789 Humboldtius
696 769 719 789 et
732 766 868 795 Bonpland,
885 766 984 790 tertiam
998 766 1022 789 in
1034 766 1093 790 actis
1105 773 1154 790 soc.
1168 767 1243 790 Linn.
1263 767 1340 794 Paris,
1355 771 1497 791 nostrorum
1513 769 1576 792 alter
1589 768 1674 792 edidit.
1693 770 1778 793 Ambae
1791 771 1869 794 malae.
1884 771 2009 801 Bonplan-

311 823 389 846 dianae
409 822 490 852 petala
505 821 661 851 summopere
676 823 793 846 mendosa
810 829 840 845 ne
857 822 962 846 Mnemii
977 822 1077 852 quidem
1095 823 1249 846 characteres
1264 823 1386 851 referunt,
1401 824 1466 846 unde
1479 825 1561 847 forsan
1571 825 1603 848 V.
1620 826 1722 855 caninae,
1740 826 1753 850 a
1768 827 1817 856 qua
1828 828 2007 854 diversissima,

312 878 470 908 {equiparent
487 881 609 901 auctores.
628 878 833 905 Berthelotianae,
855 877 1027 900 deficientibus
1039 878 1120 900 calore
1135 877 1218 900 aestivo
1235 877 1312 905 νοτὶς,
1337 879 1418 907 petala
1439 879 1474 902 Μ,
1494 879 1594 903 tricolor
1609 882 1785 911 suppeditavit.
1800 883 1888 907 Neutri
1902 885 2009 913 partium

309 934 423 958 dissectio
434 935 491 957 ulla.
505 934 626 965 Quartam
641 934 699 963 ergo
715 934 796 961 edere,
812 937 835 955 et
848 936 875 955 ut
890 938 1018 962 speramus
1029 932 1212 962 perfectiorem,
1229 933 1348 962 cogimur.

738 1060 1140 1104 EXPLICATIO
1180 1061 1315 1107 TAB.
1362 1063 1486 1106 XIV.
1532 1065 1577 1107 B.

362 1188 388 1207 1.
413 1176 526 1208 Planta
551 1174 680 1208 florida.
703 1187 735 1207 2.
760 1175 883 1208 Eadem
909 1176 1085 1210 fructifera.
1107 1176 1139 1210 3.
1161 1176 1197 1209 3.
1217 1176 1250 1209 3.
1276 1178 1367 1211 Folia
1387 1179 1552 1213 inferiora.
1582 1180 1616 1222 4.
1644 1180 1678 1223 4.
1704 1181 1795 1214 Folia
1811 1183 1981 1226 superiora
1996 1211 2004 1224 ‚

308 1247 420 1279 onmia
436 1247 666 1292 magnitudine
678 1247 832 1280 naturali.
852 1248 884 1281 5.
895 1247 1050 1281 Pedicelli
1065 1260 1142 1294 pars
1154 1249 1367 1282 bractearum
1380 1250 1522 1284 formam
1534 1259 1567 1284 et
1579 1252 1679 1284 situm
1689 1252 1864 1295 exhibens,
1878 1256 2007 1300 magni-

307 1317 422 1351 tudine
436 1326 544 1352 aueta.
561 1319 594 1351 6.
615 1319 725 1352 Petala
742 1319 891 1352 seorsum
918 1319 1048 1364 depicta
1071 1319 1303 1364 magnitudine
1320 1321 1473 1353 naturali.
1497 1334 1528 1367 7.
1557 1323 1679 1368 Calyx,
1698 1336 1775 1357 cum
1788 1327 2007 1370 sequentibus

305 1398 443 1430 auctus,
468 1390 614 1423 fructum
634 1390 801 1435 juniorem
820 1390 994 1435 obtegens.
1025 1391 1058 1424 8.
1086 1391 1267 1431 Genstafia,
1287 1392 1397 1436 calyce
1415 1393 1599 1438 petalisque
1619 1397 1763 1428 resectis.
1796 1410 1829 1442 9.
1858 1399 2004 1432 Anthera

305 1460 479 1494 dehiscens
493 1489 500 1503 ‚
519 1474 597 1495 cum
612 1462 796 1508 appendice
812 1462 985 1508 superiore
999 1489 1006 1504 ‚
1025 1462 1218 1494 :introrsum
1235 1462 1314 1495 visa.
1338 1475 1388 1495 10.
1409 1464 1534 1498 Eadem
1550 1468 1736 1500 retrorsum
1753 1469 1820 1501 visa
1836 1482 1914 1503 cum
1928 1483 2005 1504 con-

306 1532 423 1565 nectivi
443 1533 627 1578 appendice
645 1532 788 1565 basilari.
813 1545 823 1565 1
839 1544 865 1564 1.
887 1532 1049 1565 Ovarium
1064 1543 1142 1565 cum
1158 1532 1245 1578 stylo
1266 1540 1298 1565 et
1317 1533 1486 1579 stigmate,
1501 1537 1700 1570 staminibus
1711 1539 1846 1582 avulsis,
1865 1542 1884 1573 a
1903 1541 2002 1574 latere

305 1604 424 1636 visum.
449 1616 500 1636 12.
519 1604 613 1638 Idem
626 1605 734 1638 visum
750 1608 767 1638 a
783 1605 891 1638 fronte
907 1616 984 1638 cum
999 1605 1163 1649 stigmatis
1175 1604 1338 1638 foramine
1354 1613 1387 1638 et
1405 1607 1646 1652 appendiculis.
1676 1609 1726 1643 13.
1744 1612 1859 1644 Ovarii
1875 1614 2003 1647 valvula

304 1684 432 1710 exsecta
461 1689 538 1709 cum
560 1678 733 1722 placenta⁷
755 1677 951 1721 ovulisque‚
978 1684 1011 1708 et
1036 1675 1194 1709 mamillis
1219 1677 1410 1720 ovuliferis,
1438 1680 1670 1724 magnitudine
1698 1682 1869 1716 multoties
1894 1694 2000 1719 aucta.

311 1748 363 1791 14.
389 1750 508 1781 Semen
533 1749 723 1782 antrorsum
749 1749 877 1790 visum,
895 1761 918 1780 a
936 1747 1039 1780 hilum
1055 1774 1063 1789 ‚
1083 1745 1105 1779 b
1123 1748 1320 1790 caruncula,
1340 1760 1357 1781 c
1377 1749 1479 1795 raphe
1492 1777 1499 1791 ‚
1527 1749 1552 1783 d
1567 1751 1710 1785 chalaza.
1737 1754 1788 1787 15.
1816 1755 1909 1788 Idem
1924 1759 1941 1790 a
1960 1758 2003 1790 la-

306 1828 375 1853 tere
393 1820 512 1854 visum.
537 1821 589 1854 16.
608 1821 701 1855 Idem
718 1820 1006 1866 longitudinaliter
1023 1819 1223 1862 dissectum,
1240 1832 1263 1853 a
1279 1819 1386 1853 hilum
1402 1848 1409 1862 ,
1432 1819 1453 1853 b
1469 1824 1648 1856 caruncula
1663 1851 1670 1865 ‚
1686 1836 1702 1857 c
1724 1832 1805 1858 testa
1818 1839 1894 1860 cum
1911 1829 2001 1862 chla-

306 1891 406 1937 myde
419 1917 427 1933 ‚
447 1891 471 1924 d
488 1892 743 1938 perispermium
756 1918 764 1934 ‚
782 1905 797 1925 e
815 1891 958 1936 cmbryo
970 1889 1176 1936 ‚schalaza.
1206 1903 1258 1936 17.
1283 1891 1432 1938 Embryo
1447 1894 1464 1925 e
1481 1893 1702 1939 perispermio
1717 1896 1877 1931 sublatus.
