2541 3936
1058 502 1224 546 (193)

331 587 388 610 Vox
407 588 486 616 Sayt'm
503 588 553 612 sive
569 588 682 617 Ensuycio
696 588 867 618 antiquissima
880 592 927 615 est,
952 591 1055 620 ejusque
1067 591 1186 620 originem
1204 588 1237 614 ita
1252 591 1353 620 exponit
1364 590 1451 613 doctus
1467 590 1593 619 Ducangc.
1626 601 1634 609 τι
1649 591 1750 614 Saiones
1754 607 1809 614 .....
1828 592 1867 615 cui
1886 593 1936 616 saio
1947 593 2000 616 ‹iic-

298 647 337 667 tus
340 660 391 667 .....
410 645 480 673 quasi
496 644 564 667 sakio
577 643 591 668 a
604 644 794 669 slavo-Gothico
817 645 909 669 Sakan.
923 656 932 666 ιι
945 646 999 669 Post
1012 646 1152 670 Gothorum
1166 650 1190 670 et
1207 646 1396 676 Visigothorum
1414 647 1601 676 occupationem
1614 648 1638 670 in
1650 647 1829 677 antiquissimis
1846 649 2000 673 documentis

299 701 424 725 Lusitanis
439 706 512 731 atque
522 702 639 732 Hispanis
650 704 770 726 occurrit.
784 703 812 726 In
825 703 963 733 fragmento
974 705 1095 733 poematis
1106 704 1136 727 de
1153 703 1291 733 irruptione
1302 702 1407 727 Arabica
1422 704 1504 727 saeculi
1516 710 1571 727 vm.
1582 703 1658 733 (anno
1673 705 1742 735 714.)
1753 706 1818 734 apud
1829 706 1957 730 castellum
1969 707 1999 728 dn

299 759 396 781 Louztta
408 756 422 782 ἐι
435 758 561 782 Lusitanis
572 760 616 782 sub
628 766 686 788 rege
697 759 796 783 Sanctio
812 760 831 782 1.
847 763 956 788 captum,
973 760 1082 788 invento,
1099 760 1220 788 quusque
1232 762 1318 782 auctor
1335 759 1390 787 ruit,
1410 759 1447 782 uti
1458 760 1578 789 creditur,
1596 760 1735 784 Gothorum
1746 762 1849 786 ultimus
1861 769 1903 786 rex
1917 763 1999 787 Rode-

298 814 372 845 ricus,
387 815 497 844 tegimus,
514 825 524 836 ι
543 815 713 845 Τοηιανοηρον
724 817 803 839 voltos
820 818 848 839 cle
862 817 933 847 alyn:
946 823 1042 847 myous.
1061 827 1070 837 ι,
1090 816 1128 839 Ad
1143 816 1204 839 fines
1215 815 1293 845 usque
1304 816 1386 839 saecuti
1401 823 1443 844 xv,
1456 816 1541 839 eadem
1554 816 1688 846 saepissime
1700 824 1745 842 vox
1757 822 1902 849 usurpatur,
1917 818 2000 849 poste'a

298 870 425 894 obsolevit.
439 871 617 901 Lexicographi
633 878 718 895 omnes
733 875 783 895 tam
802 872 915 895 Lusitani
932 871 1006 901 quam
1020 872 1124 901 Hispani
1142 872 1211 895 verbi
1233 872 1353 901 originem
1369 872 1382 896 a
1404 876 1472 896 veste
1486 872 1593 902 quadam
1614 873 1704 903 longa,
1720 878 1744 898 et
1758 876 1886 904 speciatim
1903 874 1915 899 a
1933 880 2002 900 veste

298 927 421 951 carnificis
436 928 525 959 (αἱροῖ.)
546 935 602 956 saiso
622 928 696 955 dicto,
714 929 817 955 ducunt,
833 927 867 951 ita
887 931 914 951 ut
930 929 954 952 in
971 928 1070 958 scriptis
1092 929 1206 958 piurimis
1222 928 1297 952 medii
1317 929 1360 952 aevi
1378 937 1437 960 suyo
1454 931 1548 954 vestem
1567 930 1700 960 carnificis,
1717 935 1742 955 et
1759 933 1903 956 carnificem
1920 933 2001 963 ipsum

299 985 429 1013 significat.
443 985 486 1008 Est
499 988 581 1008 autem
595 985 745 1008 credendum
761 983 812 1014 jam
826 984 840 1008 a
852 985 940 1008 saeculo
955 991 1001 1012 xv,
1017 985 1152 1015 piscatores
1171 985 1302 1009 Lusitanos
1316 986 1482 1009 substantiam
1492 987 1541 1016 qua
1554 987 1615 1011 retia
1629 987 1772 1017 induebant,
1794 993 1868 1020 sayao
1882 990 1933 1013 sive
1948 997 2003 1014 ves—

300 1045 348 1065 tem
365 1042 497 1071 appellare.
510 1045 553 1071 par
565 1049 579 1064 ο
592 1044 664 1069 sagitto
674 1049 718 1064 mis
732 1042 809 1070 redes,
826 1045 851 1066 et
865 1042 922 1066 hine
935 1044 1013 1072 Saydo
1028 1049 1071 1066 seu
1084 1044 1198 1074 Ensaytto
1210 1043 1395 1073 Sempervimmz
1412 1045 1493 1073 ipsum
1506 1044 1611 1075 dictum,
1628 1048 1670 1068 aut
1684 1052 1773 1069 nomen
1786 1046 1868 1070 forsan
1879 1048 2003 1072 carnificis

301 1100 324 1121 in
337 1098 464 1128 peninsula
475 1097 607 1128 Hispanica
626 1101 746 1127 perpetuo
758 1105 804 1122 usu
817 1099 882 1123 inter
894 1100 976 1129 capite
986 1099 1115 1123 damnatos
1128 1101 1248 1127 renovati,
1265 1099 1332 1123 unde
1346 1099 1474 1130 nunquam
1491 1102 1555 1125 mori
1571 1104 1642 1126 vetus
1658 1102 1759 1126 verbum
1772 1121 1777 1131 ,
1796 1103 1886 1132 planta}
1900 1103 2003 1127 vivacis-

300 1156 365 1179 simae
376 1155 526 1185 impositum,
543 1156 568 1179 S.
579 1157 644 1179 enim
658 1156 787 1179 arboreum
799 1156 924 1180 Lusitanis
943 1157 1026 1181 Saiaio.
1042 1156 1122 1187 (Brot.
1135 1158 1173 1181 Fl.
1195 1158 1255 1181 Lus.
1268 1164 1291 1182 v.
1307 1159 1330 1186 2,
1350 1164 1374 1187 p.
1388 1159 1456 1189 378.)

695 1280 990 1323 AEONIUM
1020 1280 1452 1324 HAWORTHII.
1485 1282 1608 1324 Non.

350 1375 401 1405 ΑΞ.
424 1373 517 1406 caule
530 1374 759 1407 ramosissimo
776 1400 785 1416 ‚
803 1374 903 1407 ramis
922 1374 1083 1407 brevibus
1099 1402 1107 1418 ⁷
1122 1375 1214 1420 apice
1230 1375 1375 1417 foliosis3
1401 1375 1486 1408 foliis
1515 1375 1672 1409 rosulatis
1686 1401 1696 1419 ,
1716 1376 1823 1409 ovatis
1835 1401 1844 1418 7
1863 1377 1982 1410 crassis
1998 1404 2005 1418 ,

301 1447 414 1488 acutis,
429 1446 565 1492 glauci5‚
583 1446 950 1491 cartilagineo-ciliati53
966 1446 1106 1479 floribus
1125 1446 1266 1491 magnis,
1287 1447 1466 1492 7-9-meris
1480 1473 1488 1489 ,
1509 1447 1688 1480 filamentis
1703 1447 1847 1481 dilatatis
1865 1449 2005 1494 papillo-

302 1520 356 1559 sis,
370 1519 518 1552 authoris
537 1519 654 1559 oratis,
674 1519 893 1560 mucronatis‚
907 1518 1054 1563 squamis
1064 1519 1236 1565 perigynis
1253 1519 1490 1565 subquadratis
1505 1520 1597 1566 apice
1611 1521 1760 1566 integris.

340 1589 570 1628 Sempervivum
582 1589 758 1618 Haworthii.
775 1590 868 1618 Horu.
883 1590 984 1627 Angll.
1004 1590 1066 1619 Cae.
1078 1591 1161 1618 Hor-t.
1179 1591 1268 1629 Dyck.
1280 1600 1351 1630 pay.
1364 1592 1430 1620 253.
1442 1592 1506 1620 sine
1518 1591 1728 1629 descriptione.

349 1657 434 1688 ΗΑΒ.
457 1657 493 1687 In
519 1654 660 1700 rupibus
683 1654 830 1700 regionis
853 1653 1029 1687 maritimae
1053 1655 1169 1688 insulae
1191 1656 1379 1699 Tenerisfae⁷
1405 1657 1603 1690 memoriter
1621 1664 1667 1700 et,
1686 1664 1724 1690 ut
1742 1657 1923 1691 verisimile
1941 1667 2003 1701 est,

303 1729 408 1773 prope
431 1726 563 1761 Bzcena
582 1726 707 1762 Vlsta.
733 1726 849 1760 Planta
875 1738 915 1760 ex
934 1726 1034 1760 horto
1055 1727 1278 1761 Milfordicnsi
1306 1728 1416 1774 elapsa
1443 1740 1568 1762 nomen
1596 1729 1721 1774 acecpit
1740 1729 1931 1772 fortuitum,
1958 1730 2011 1764 ad-

303 1799 455 1832 misimus
476 1807 606 1842 tamen⁷
629 1801 822 1845 quanquam
847 1799 960 1834 fucum
987 1800 1100 1846 potius
1130 1800 1181 1834 his
1212 1800 1375 1847 stirpibus
1409 1801 1545 1843 feeerit,
1573 1809 1607 1835 et
1635 1808 1685 1835 tot
1713 1801 1810 1835 nobis
1834 1803 2008 1849 aenigmata

303 1871 459 1904 solvenda
482 1872 656 1917 reliquerit
672 1872 781 1906 bonus
795 1872 1022 1906 Haworthius.

342 1942 427 1970 Desc-
440 1941 546 1972 CAuus
560 1943 721 1972 fruticosus
734 1946 751 1972 a
764 1943 826 1973 basi
836 1945 1068 1980 ramosissimus‚
1080 1945 1171 1973 ramis
1186 1944 1308 1981 crebris,
1321 1944 1464 1974 brevibus
1475 1968 1482 1981 ‚
1495 1947 1578 1984 apice
1592 1946 1716 1977 foliosis.
1729 1948 1824 1977 FouA
1837 1948 1943 1978 rosulis
1958 1959 2012 1987 pa-

303 2006 434 2035 tentibus
448 2014 611 2045 aggregata,
627 2014 716 2036 ovata
726 2007 841 2046 glauca,
854 2007 975 2044 sessilia,
991 2018 1098 2045 crassa,
1110 2015 1198 2038 acuta
1211 2031 1218 2044 ‚
1234 2008 1341 2037 subtus
1362 2020 1503 2046 convexa,
1517 2012 1652 2049 margine
1665 2012 1857 2051 cartilagineo
1869 2030 1884 2034 -
1901 2013 2012 2042 ciliata.

302 2069 400 2099 CAer
413 2071 642 2109 campanulatus
655 2094 662 2106 ,
678 2072 837 2111 glaberrim
844 2083 876 2101 us
889 2095 897 2108 ,
910 2072 1061 2101 7-9-fidus
1073 2096 1080 2109 ,
1092 2073 1208 2102 laciniis
1222 2073 1394 2103 lanceolatis
1407 2097 1415 2110 ‚
1428 2076 1534 2104 acutis.
1551 2075 1675 2105 Pisum
1684 2075 1857 2112 lanceolata,
1870 2077 2011 2111 carinata,

302 2140 388 2162 acuta
398 2156 405 2169 ,
417 2133 481 2163 basi
493 2134 716 2164 suba-nervia.
735 2135 910 2165 Firmnxn
925 2135 1082 2174 papillosa‚
1097 2136 1235 2165 breviora
1246 2137 1352 2175 petalis
1368 2138 1504 2176 opposita
1516 2137 1602 2166 valde
1618 2137 1754 2175 dilatata,
1766 2140 1848 2177 apice
1860 2139 2011 2176 subulam,

302 2197 390 2226 dorso
405 2199 545 2233 carinam,
560 2199 693 2237 longiora
711 2199 795 2237 apice
815 2198 976 2227 subulato-
992 2198 1145 2227 filisormia
1156 2221 1163 2233 ,
1179 2198 1244 2227 basi
1260 2199 1394 2229 dilatata.
1409 2200 1556 2229 ANTHERAE
1579 2209 1761 2231 mucronatae
1775 2225 1782 2238 ‚
1798 2203 1861 2232 basi
1880 2203 1993 2232 obtusae
2006 2227 2012 2239 ‚

303 2262 467 2289 staminum
482 2261 656 2290 breviorum
673 2262 922 2300 elongato-ovatae
936 2284 943 2297 ‚
963 2262 1134 2300 longiorum
1149 2261 1353 2300 cylindraceae‚
1365 2263 1381 2290 a
1396 2262 1460 2292 basi
1476 2265 1572 2302 usqu'e
1582 2264 1620 2292 ad
1636 2265 1822 2294 sacculorum
1837 2277 2013 2296 mucronem

305 2325 465 2353 lateraliter
485 2325 679 2354 dehiscentes.
706 2325 838 2361 SQUAMAE
858 2336 1005 2354 remotim:
1029 2325 1238 2364 subquadratae
1252 2348 1259 2362 ‚
1282 2326 1456 2364 diaphanae,
1473 2328 1556 2365 apice
1574 2329 1702 2367 integrae.
1719 2329 1839 2359 Ovaam
1859 2330 1993 2370 elongata
2005 2355 2012 2365 ,

305 2396 410 2423 erecta,
427 2395 560 2426 angusta,
572 2388 757 2427 glandulosa.
775 2389 857 2418 Srm
874 2389 1014 2428 elongati,
1028 2390 1171 2428 3-quetri‚
1184 2390 1301 2428 angulis
1313 2389 1456 2420 suhalatis
1466 2413 1474 2425 ‚
1486 2392 1570 2430 apice
1581 2392 1805 2431 subglandulosi
1817 2417 1824 2431 ,
1834 2394 1898 2424 basi
1912 2395 2010 2426 laeves.

303 2453 460 2481 Pmczsrffi
473 2452 510 2481 ad
521 2452 665 2491 angulum
681 2454 855 2482 interiorem
864 2453 987 2483 inssexae.
1002 2453 1108 2484 OanA
1120 2454 1407 2493 ovato-pyrisormia‚
1420 2456 1502 2493 apice
1511 2455 1630 2492 obtusa,
1642 2456 1705 2486 basi
1717 2458 1909 2487 acutiuscula.

883 2580 1187 2610 EXPLmATlo
1218 2579 1324 2609 ΤΑΒ.
1359 2570 1423 2610 34.

356 2672 384 2691 1.
404 2658 559 2692 Panicula
582 2659 713 2693 florida.
731 2672 763 2693 2.
786 2661 913 2693 Romus
933 2671 1011 2694 cum
1027 2659 1188 2693 foliorum
1203 2659 1337 2701 rosulis,
1353 2659 1456 2693 ambo
1473 2661 1706 2706 magnitudine
1724 2663 1878 2697 naturali.
1894 2663 1928 2698 3.
1949 2666 2012 2698 Ca-

302 2733 356 2778 lyx
372 2743 449 2765 cuin
471 2731 691 2776 sequentibus
704 2739 834 2765 auctus.
862 2730 896 2774 [Ι.
920 2731 1085 2765 Petalum.
1113 2730 1148 2765 5.
1167 2732 1301 2764 stamen
1328 2730 1477 2766 brevius.
1497 2732 1531 2767 6.
1553 2734 1689 2767 Stamen
1704 2734 1860 2781 longius,
1875 2736 1979 2771 ambo
1993 2739 2011 2771 a

302 2805 413 2838 fronte
426 2804 505 2837 visa.
529 2817 561 2850 7.
576 2804 713 2838 Corolla
731 2816 810 2837 cum
821 2803 1016 2837 androecio.
1034 2804 1067 2837 8.
1089 2804 1209 2837 Ovaria
1227 2802 1322 2837 disco
1342 2803 1518 2839 insidentia
1536 2806 1683 2851 squamis
1694 2807 1864 2854 perigynis
1878 2809 2012 2856 stipata,

302 2876 427 2923 calyce,
445 2876 571 2910 corolla
586 2904 594 2919 ,
616 2884 650 2910 et
664 2875 846 2910 androecio
860 2875 994 2910 avulsis.
1017 2888 1050 2921 9.
1070 2876 1200 2923 Calycis
1215 2888 1352 2923 segmen
1375 2884 1411 2910 ut
1425 2886 1608 2924 appareant
1623 2879 1735 2913 ovaria
1749 2879 1840 2914 disco
1857 2880 2013 2916 immersa

302 2957 336 2983 et
346 2949 488 2983 vasculis
504 2950 639 2983 nutrita.
667 2962 715 2983 10.
738 2949 900 2984 Ovarium
923 2949 1091 2983 avulsum.
1117 2961 1171 2982 11.
1189 2948 1352 2995 Ejusdem
1374 2959 1590 2998 segmentum
1607 2953 1826 2988 horizontale.
1850 2966 1903 2988 12.
1919 2954 2013 2990 Idem

303 3022 431 3056 valvula
450 3022 554 3056 altera
573 3026 685 3057 amota
705 3030 738 3056 ut
752 3028 934 3070 appareant
947 3021 1045 3056 ovula
1059 3021 1223 3068 placentae
1241 3021 1348 3056 affixa.
1373 3021 1427 3057 13.
1442 3022 1604 3057 Ovulum.

426 3091 467 3110 111.
1882 3084 1919 3112 25
