2541 3936
1262 472 1401 516 (12)

524 566 644 599 Herbae
672 567 866 610 Europaeae,
896 563 971 597 folia
1002 573 1134 607 semper
1166 560 1355 602 multifida,
1388 568 1421 593 et
1452 559 1643 606 petalorum
1673 559 1795 604 unguis
1815 558 1942 600 nudus,
1970 566 2089 591 czetera
2114 559 2178 590 Ra-

478 638 627 671 nunculi.

918 741 1141 787 ADONIS
1170 737 1573 799 INTERMEDIA.
1617 738 1726 780 Noss.

521 841 560 871 A.
585 839 701 885 petalis
717 838 870 872 concavis
900 837 1010 883 calyce
1029 836 1148 882 glabro
1178 833 1414 880 longioribus3
1434 832 1541 866 coccis
1559 830 1738 877 angulatis,
1762 828 1992 875 irregulariter
2025 830 2156 874 rugosis
2171 857 2178 870 ‚

473 914 565 959 apice
581 912 760 954 edentulis,
777 911 840 945 sub
855 911 942 957 stylo
957 909 1060 943 debili
1071 937 1078 951 ,
1098 908 1272 950 subulam,
1292 906 1492 948 incrassatis,
1507 906 1577 939 basi
1592 904 1754 946 dentatis,
1773 903 1873 937 dente
1884 909 1983 936 acuto
2001 901 2181 935 denticulis

477 986 635 1030 utrinque
650 984 784 1030 stipato.

509 1056 621 1084 Adonis
636 1056 826 1093 microcarpa.
843 1054 922 1082 DC!
934 1055 960 1082 S
955 1060 1015 1092 ssi.
1037 1055 1060 1080 l.
1076 1053 1143 1080 223.
1160 1051 1246 1079 Prod.
1265 1052 1290 1077 l.
1305 1049 1353 1078 24.
1371 1048 1473 1087 quoad
1487 1048 1649 1086 specimina
1664 1046 1856 1075 canai-ieusia.

515 1119 626 1148 Adonis
637 1119 752 1147 citrina.
768 1119 832 1146 DC.
850 1117 942 1145 eodem
955 1117 1010 1144 loco
1021 1114 1122 1153 quoad
1137 1113 1300 1151 specimina
1312 1112 1511 1140 Canariensia.

515 1183 626 1211 Adonis
640 1181 784 1210 aestivalis.
804 1181 876 1208 Lini·
904 1181 931 1207 ιή
956 1180 1031 1206 Baeti
1048 1177 1202 1205 Besa-hreib.
1223 1176 1292 1203 Can.
1312 1176 1372 1202 Ins.

512 1247 622 1274 Adonis
633 1245 765 1274 dentata.
778 1247 803 1283 β.
815 1241 1020 1272 provincialis.
1041 1240 1122 1268 DC!
1144 1241 1218 1276 S'yst.
1238 1241 1264 1266 1.
1279 1237 1347 1266 224.
1362 1238 1450 1267 Prod.
1470 1240 1495 1265 1.
1514 1238 1563 1266 24.

522 1315 603 1345 ΗΑΒ.
626 1313 663 1344 In
677 1311 775 1345 cultis
792 1309 978 1343 insularum
992 1305 1248 1340 Canariensium
1271 1303 1442 1349 frequens,
1467 1302 1568 1336 etiam
1585 1302 1626 1336 ad
1643 1302 1711 1336 vias
1725 1302 1877 1349 oppiduli
1904 1302 2036 1335 Baena
2052 1301 2175 1335 Vista.

523 1386 673 1417 D1srmss.
694 1394 797 1417 onoc.
827 1383 864 1414 In
877 1380 964 1414 arvis
979 1380 1157 1425 regionum
1175 1376 1257 1410 mari
1273 1375 1522 1409 Mediterraneo
1539 1374 1822 1408 finitimarun1.1n
1838 1373 2029 1420 Caelesyria.
2050 1371 2176 1419 (Herb.

473 1459 518 1491 cl.
535 1455 659 1503 Spaclz
672 1455 708 1501 J)
727 1457 765 1488 In
783 1454 930 1488 Corsica.
967 1452 1028 1497 (P.
1066 1449 1227 1484 Thomas
1241 1448 1278 1494 J)
1301 1450 1337 1481 In
1358 1447 1643 1493 Galloprovincia.
1662 1446 1751 1492 (DC
1767 1447 1805 1493 J)
1822 1450 1857 1480 In
1889 1448 2016 1492 Cypro.
2038 1445 2181 1491 (Labz'l-

478 1528 639 1563 lm’dielv
650 1528 686 1574 l)

506 1602 564 1625 Oas.
577 1601 681 1632 Species
697 1604 783 1622 nostra
799 1598 885 1621 locum
901 1594 1029 1619 Adonidis
1043 1595 1158 1617 miniatae
1169 1600 1215 1624 per
1227 1592 1339 1617 confinia
1358 1594 1439 1616 maris
1453 1592 1635 1617 Mediterranei
1651 1597 1760 1624 occupat
1771 1610 1776 1617 ,
1799 1594 1849 1623 qua
1868 1599 1928 1615 cum
1943 1592 1957 1613 a
1976 1591 2039 1613 viris
2057 1589 2180 1613 oculatis-

474 1661 548 1683 simis
561 1657 772 1682 Reichenbachio
787 1661 811 1680 et
825 1655 925 1679 Kocliio
940 1653 1046 1678 confusa
1060 1652 1173 1676 videtur.
1192 1652 1231 1675 Ab
1246 1653 1277 1674 A.
1292 1652 1400 1674 miniatii
1415 1652 1475 1674 vera
1487 1668 1492 1676 ,
1513 1658 1558 1673 seu
1574 1650 1603 1672 A.
1617 1649 1727 1672 aestivali
1740 1649 1823 1673 Rchb.
1838 1653 1863 1672 et
1877 1649 1949 1672 Koch
1960 1666 1965 1675 ,
1979 1648 2103 1679 plurimis
2113 1648 2182 1670 notis

473 1717 558 1740 differi
569 1733 574 1742 .
589 1717 644 1739 etsi
661 1715 686 1738 in
705 1721 798 1746 genere
811 1713 856 1737 tali
869 1713 967 1744 species
981 1710 1047 1735 ullas
1066 1715 1157 1734 natura
1174 1716 1261 1733 rerum
1276 1709 1389 1732 creatrix
1405 1707 1488 1732 oculis
1501 1708 1597 1730 nostris
1614 1705 1799 1737 percipiendas
1821 1705 1895 1728 linxit
1908 1722 1913 1731 ‚
1937 1712 2022 1735 neque
2045 1705 2180 1727 hominum

474 1782 562 1798 sensus
576 1774 666 1797 formis
682 1771 851 1796 instabilibus
865 1770 979 1796 delusit,
1000 1770 1054 1793 haee
1073 1768 1143 1792 haud
1157 1767 1237 1791 dubie
1248 1774 1295 1799 pro
1311 1767 1397 1798 speeie
1416 1764 1504 1789 stabili
1526 1769 1550 1788 et
1575 1766 1711 1787 verissima
1731 1763 1854 1787 habenda
1870 1768 1917 1787 est.
1943 1764 1994 1787 Nec
2018 1770 2181 1786 summorum

474 1834 588 1855 vii-orum
603 1830 669 1854 nihil
684 1829 889 1861 prteterientium
906 1828 990 1851 aciem
1005 1825 1126 1857 effugisse
1137 1824 1299 1849 credendum
1311 1841 1316 1847 .
1337 1825 1357 1847 si
1377 1824 1521 1855 specimina
1540 1823 1615 1854 plura
1628 1826 1670 1845 aut
1686 1823 1795 1853 stirpem
1818 1821 1875 1844 solo
1899 1822 1984 1852 pati-io
2003 1820 2181 1843 luxuriantem

474 1889 569 1911 vidisse
582 1888 706 1911 licuisset.
722 1885 839 1908 Primum
852 1891 989 1908 coecorum
1003 1884 1086 1907 forma
1102 1883 1222 1914 angulata
1240 1886 1266 1906 et
1282 1881 1468 1912 subtetragona
1479 1880 1675 1911 ,irregulariter
1696 1884 1719 1902 ct
1748 1878 1877 1910 profunde
1894 1885 2062 1909 rugosorum,
2090 1885 2137 1901 nec
2155 1883 2179 1900 ui

476 1948 499 1968 in
515 1947 543 1969 A.
559 1945 668 1968 miniatii
685 1942 838 1973 regulariter
850 1940 1156 1970 reticulato-rugosorum
1169 1956 1174 1965 ,
1190 1940 1356 1970 summopere
1366 1938 1463 1962 differt.
1474 1937 1524 1961 Sed
1539 1938 1669 1969 praecipua
1682 1936 1741 1967 styli
1752 1935 1911 1960 differentia.
1926 1935 2048 1966 StylusA.
2065 1935 2181 1958 miniato?

473 2010 573 2027 crassus
586 2020 590 2026 .
609 2000 789 2033 pyramidatus
800 2017 805 2026 ,
822 2006 874 2030 quo
887 2000 989 2022 tantum
1008 1998 1118 2029 reliquis
1137 1997 1274 2028 speciebus
1293 1996 1419 2020 facillime
1434 1994 1619 2026 distinguenda
1631 2012 1636 2019 ,
1656 1995 1784 2025 quantum
1809 1993 1886 2017 (lente
1900 1994 2026 2023 marginis
2040 1993 2182 2024 superioris

475 2061 580 2084 obtuso.
595 2059 731 2090 perspicuo
741 2074 747 2084 ,
761 2061 785 2080 et
800 2057 813 2079 a
829 2056 894 2087 stylo
905 2055 1069 2086 longiuscule
1083 2059 1194 2078 remoto.
1214 2055 1314 2077 Nosirae
1329 2052 1410 2084 stylus
1423 2052 1521 2076 debilis
1532 2069 1537 2078 ,
1551 2052 1629 2075 dente
1651 2051 1722 2074 nullo
1744 2052 1870 2081 marginis
1889 2051 2048 2082 superioris.
2073 2049 2118 2073 sed
2142 2054 2182 2071 tu-

473 2124 529 2140 mor
542 2116 589 2139 sub
602 2115 668 2146 stylo
682 2115 738 2146 ipso
753 2131 757 2137 .
773 2114 799 2136 iu
816 2111 911 2143 stylum
925 2116 1012 2135 tamen
1036 2112 1171 2142 nunquiim
1185 2117 1350 2142 procurrens.
1372 2111 1454 2133 Statio
1470 2110 1564 2141 plantae
1580 2115 1672 2133 nostrae
1687 2109 1870 2133 meridionalis
1880 2126 1885 2134 ,
1897 2110 1928 2132 A.
1943 2109 2059 2131 miniatoe
2074 2114 2182 2138 praeser-

473 2176 518 2197 tim
538 2173 650 2196 borealis
662 2189 667 2198 ,
682 2171 803 2203 quamvis
818 2171 843 2193 in
856 2169 978 2193 herbario
996 2168 1084 2191 indico
1095 2167 1132 2190 Cl.
1151 2168 1324 2198 Jacquemont
1341 2168 1493 2190 varietatem
1510 2166 1625 2190 vidimus
1647 2166 1681 2189 ob
1701 2166 1797 2197 stylum
1813 2173 1929 2189 crassum
1944 2170 1967 2188 et
1983 2172 2060 2195 rugas·
2079 2164 2180 2194 regula-

473 2233 535 2255 riter
551 2230 699 2254 reticulatas
714 2230 743 2251 A.
763 2228 878 2251 miniatae
892 2225 1154 2252 certet-esercndan13
1169 2224 1243 2256 cujus
1257 2231 1334 2248 coeca
1346 2224 1422 2247 valde
1435 2232 1584 2256 compressa
1599 2229 1672 2251 sunt,
1689 2224 1766 2247 dorso
1781 2222 1879 2247 eximie
1893 2229 2009 2254 expanso
2023 2226 2047 2245 et
2060 2221 2179 2244 dilatati».

474 2290 572 2321 Speciei
588 2292 680 2311 nostrae
694 2286 791 2318 optime
804 2285 925 2309 convenit
938 2284 968 2306 A.
985 2283 1090 2306 dentata
1104 2282 1119 2318 β
1133 2283 1180 2306 DC.
1196 2284 1264 2306 inter
1279 2283 1368 2305 Dinias
1386 2286 1410 2305 et
1425 2282 1585 2305 Colmariam
1599 2282 1663 2305 lecta
1676 2287 1701 2305 ct
1715 2283 1739 2304 in
1755 2282 1878 2305 herbario
1889 2280 1988 2304 Gallico
2002 2280 2086 2303 Musaei
2111 2279 2182 2301 Pari-

475 2348 566 2370 siensis
581 2349 722 2369 asservata.
735 2344 816 2367 Cocca
830 2347 916 2366 tamen
931 2340 1046 2372 granulis
1058 2340 1241 2363 minutissimis
1251 2339 1430 2370 puncticulata
1443 2344 1516 2366 sunt,
1532 2340 1629 2370 quibus
1648 2344 1734 2362 nostra
1755 2339 1862 2362 omnine·
1884 2343 1983 2362 carent.
2010 2337 2122 2361 Easdem
2156 2338 2181 2359 in

474 2405 617 2435 specimine
631 2401 767 2426 minatensi
777 2399 892 2423 herbarii
905 2398 945 2421 Cl.
962 2397 1046 2429 Spach
1058 2396 1219 2428 puncticulas
1238 2396 1444 2421 observavimus.
1459 2397 1524 2420 Cum
1537 2397 1566 2420 A.
1580 2397 1685 2421 dentata
1702 2396 1784 2419 Delile
1798 2395 1870 2419 nullo
1885 2394 1964 2418 modo
1978 2393 2162 2418 confundenda
2173 2409 2179 2418 ,

474 2463 547 2493 cujus
557 2468 634 2485 coeca
648 2459 771 2483 dentibus
785 2458 886 2481 sinuata
904 2460 928 2480 et
943 2456 1017 2487 quasi
1030 2454 1161 2478 fimbriata
1174 2471 1179 2477 .
1195 2454 1273 2477 nullis
1288 2454 1466 2485 comparanda
1481 2459 1550 2477 suut.
1566 2454 1646 2484 Calyx
1659 2454 1764 2485 glaber,
1789 2453 1875 2484 petala
1900 2453 2069 2476 conniventia
2087 2467 2092 2476 ‚
2118 2457 2177 2473 coc-

474 2525 562 2541 cornm
576 2518 646 2548 spica
663 2516 759 2542 densa,
779 2521 872 2545 magna
887 2513 921 2536 ab
940 2514 969 2535 A.
988 2512 1108 2535 flammea
1120 2510 1277 2534 descrimina
1293 2510 1400 2534 faciunt.
1415 2510 1521 2534 Nullam
1535 2518 1594 2534 cum
1610 2512 1640 2534 A.
1661 2510 1807 2534 autumnali
1821 2510 1976 2533 affinitatem
1990 2508 2086 2535 habet,
2101 2511 2127 2531 et
2144 2507 2177 2530 ab

476 2577 505 2598 Α.
526 2573 664 2606 parvissora
678 2573 764 2596 Fisch.
775 2572 901 2603 quoniam
916 2577 1016 2593 summa
1036 2568 1100 2593 tides
1117 2568 1286 2599 descriptioni
1307 2568 1460 2598 Meyerianae
1474 2568 1556 2591 Florae
1571 2568 1677 2591 Altaicne
1690 2566 1829 2590 tribuenda
1843 2571 1880 2590 est
1892 2583 1897 2591 ‚
1919 2566 2003 2589 fructu
2022 2565 2093 2588 haud
2107 2565 2177 2588 absi-

476 2632 546 2655 milis
557 2649 562 2658 ,
586 2630 662 2656 aliter
674 2631 736 2654 satis
749 2629 847 2653 differt·
863 2629 892 2651 A.
913 2626 1074 2651 intermediae
1089 2633 1121 2648 cx
1136 2625 1254 2656 autopsia
1273 2623 1389 2647 herbarii
1409 2625 1489 2647 nostri
1508 2625 1637 2655 pertinent
1653 2625 1797 2654 specimina
1817 2624 1842 2646 in
1856 2624 1940 2654 Cypro
1956 2623 1969 2645 ii
1988 2623 2027 2646 Cl.
2048 2622 2177 2646 Labillar-

480 2689 551 2712 ‹lim-e
565 2689 630 2713 lecta
641 2706 646 2715 ‚
667 2692 691 2712 et
709 2689 739 2711 A.
757 2686 867 2710 dentata?
880 2686 893 2708 a
908 2683 996 2708 Celeb.
1010 2683 1049 2706 DC
1062 2684 1087 2706 in
1100 2682 1244 2713 Systemate
1259 2679 1347 2703 allata,
