2541 3936
1058 474 1223 520 (105)

298 564 502 607 OVARmM
519 563 678 614 sessile,
695 562 950 618 obliquum,
977 563 1405 620 ovato-depressum,
1430 563 1772 621 3>cuspidatum,
1801 565 2001 617 3-valve‚

299 645 540 687 valvarum
566 642 849 698 marginibus
871 643 1119 687 introrsum
1144 645 1280 698 flexis,
1297 645 1390 689 basi
1405 646 1525 688 inter
1540 661 1583 688 se
1597 645 1788 698 coalitis,
1811 646 1932 702 apice
1952 646 2003 687 li-

301 724 417 768 beris
443 725 628 781 ideoque
655 724 1000 768 sub-3—coccum.
1018 724 1179 769 STYLUS
1199 726 1362 769 nullus.
1380 725 1602 769 STiGMATA
1627 726 1683 769 ad
1707 727 1879 783 apicem
1899 742 2002 769 mu-

301 807 449 849 cronis
480 806 692 863 cujusque
721 810 747 848 2
761 840 770 858 ,
805 805 975 849 sessilia.
1016 804 1207 849 CAPSULA
1236 807 1457 864 depressa,
1491 807 1689 859 3-valvis,
1721 807 2002 864 marginibus

301 887 541 929 valvarum
562 886 731 929 coalitis
756 887 1007 928 introrsum
1030 888 1285 943 protractis,
1315 887 1606 944 3-cuspidata,
1632 887 1928 931 mucronibus
1957 891 2004 937 3,

299 966 497 1018 alternis,
515 965 728 1015 carnosis,
747 965 958 1009 deorsum
977 966 1237 1020 introflexis,
1254 983 1362 1011 curn
1378 969 1643 1025 marginum
1663 969 1786 1011 intus
1803 976 2007 1026 protrac-

300 1055 455 1090 tarum
475 1046 568 1089 basi
585 1046 769 1098 coalitis,
786 1054 888 1102 post
903 1047 1115 1092 anthesin
1131 1049 1383 1092 introrsum
1400 1049 1544 1092 hians.
1563 1049 1806 1092 PLACENTAE
1819 1049 2008 1105 geminae

302 1128 358 1171 ad
384 1128 610 1183 margines
639 1127 886 1170 valvarum
915 1128 1204 1182 inssexarum,
1236 1129 1330 1173 basi
1359 1130 1409 1171 in
1437 1129 1621 1172 unicam
1642 1130 1824 1172 coalitae.
1848 1128 2011 1172 SEMINA

303 1216 454 1261 ovata,
476 1223 714 1261 conversa,
737 1208 1053 1260 horizontalia,
1082 1210 1130 1252 in
1152 1225 1330 1267 quoque
1352 1210 1500 1253 loculo
1520 1226 1572 1253 ex
1592 1211 1808 1268 placentis
1828 1210 2012 1253 diversis

303 1290 541 1342 2-serialia,
569 1290 704 1332 unico
733 1288 818 1332 sub
847 1304 1068 1332 mucrone
1093 1290 1328 1333 introflexo
1353 1291 1568 1347 placentis
1597 1291 1767 1334 coalitis
1796 1305 2009 1334 connexo.

300 1371 444 1415 TEsTA
469 1372 688 1423 coriacea,
719 1370 851 1422 dura,
877 1369 1016 1421 laevis,
1040 1384 1148 1411 cum
1173 1370 1431 1426 chlamyde,
1456 1379 1502 1414 et
1527 1372 1816 1428 perispermio
1840 1371 2010 1414 coalita.

299 1451 610 1496 CoTYLEDONEs
635 1458 856 1503 curvatae,
879 1449 1218 1501 incumbentes,
1248 1450 1446 1507 apicibus
1472 1451 1716 1506 placentas,
1745 1451 1876 1494 dorso
1910 1466 2012 1508 cap-

301 1534 407 1577 sulae
429 1535 549 1575 axim
573 1539 833 1590 spectantes.
852 1531 1074 1574 RADICULA
1093 1547 1145 1574 ex
1167 1530 1433 1574 ascendente
1453 1531 1762 1584 horizontalis,
1779 1532 1899 1590 apice
1915 1532 2011 1589 pla-

304 1621 503 1666 centam,
521 1612 654 1657 dorso
670 1613 910 1655 valvarum
928 1613 1116 1669 parietes
1135 1620 1350 1670 spectans.

356 1694 511 1736 HERBA
530 1693 726 1745 biennis,
745 1692 891 1735 radice
912 1692 1157 1745 fusiformi,
1176 1693 1290 1736 foliis
1315 1693 1481 1750 glabris
1505 1693 1826 1749 integerrimis,
1845 1694 2014 1737 radica-

305 1774 420 1818 libus
436 1774 652 1818 rosulatis.
675 1773 749 1817 Ob
761 1789 946 1817 succum
963 1774 1199 1831 proprium
1216 1773 1392 1816 luteum
1415 1781 1618 1816 utuntur
1634 1775 1860 1818 tinctores.

350 1856 431 1889 Osss.
451 1854 729 1896 Tournefortius,
750 1854 867 1899 reique
885 1853 1050 1887 herbariae
1072 1861 1150 1887 ante
1168 1866 1248 1887 eum
1266 1854 1466 1901 scriptoreS,
1482 1854 1612 1888 fructiis
1629 1855 1737 1888 forma
1754 1855 1922 1901 imprimis
1939 1867 2015 1889 sua-

303 1928 414 1971 dente,
432 1927 610 1961 Luteolam
626 1929 643 1960 a
658 1926 787 1961 Reseda
803 1934 985 1961 secernunt
999 1940 1008 1971 3
1024 1926 1273 1973 conjunxerunt
1285 1927 1457 1971 Linnaeus,
1471 1928 1489 1961 J
1494 1928 1642 1970 ussiaeus,
1659 1935 1693 1961 et
1708 1928 1867 1962 neoterici
1882 1940 2012 1962 omnes.

304 2001 348 2033 At
373 1999 399 2033 si
422 2001 440 2032 a
467 2010 589 2045 genere
616 1998 756 2043 antiquo
783 1998 922 2033 tollendi
949 2006 1027 2032 sunt
1049 1999 1271 2034 Ochradenus
1293 2000 1370 2033 Del.
1395 2008 1428 2034 et
1447 2001 1604 2047 Caylusia
1623 2001 1659 2034 St
1673 2000 1741 2034 Hil.
1761 2000 1948 2034 amovenda
1968 2008 2018 2033 est

303 2072 403 2106 etiam
421 2070 623 2105 Ochradeno
646 2071 746 2117 longe
770 2070 934 2105 diversior
952 2071 1106 2104 Luteola.
1131 2072 1216 2104 Sunt
1241 2078 1354 2105 tamen
1377 2071 1503 2117 quibus
1526 2084 1650 2118 genera
1673 2084 1762 2106 caeco
1785 2071 1942 2115 arbitrio,
1961 2081 2019 2106 aut

305 2153 458 2178 naturam
482 2144 652 2178 frustatim
669 2143 886 2178 descindendi
907 2143 1050 2177 barbara
1066 2143 1217 2187 libidine,
1234 2144 1335 2178 condi
1357 2144 1528 2178 videntur.
1549 2145 1712 2179 Nesciunt
1726 2145 1818 2178 enim
1832 2156 1901 2179 non
1920 2145 2018 2179 unius

306 2217 450 2259 tantum,
465 2216 522 2250 sed
539 2217 693 2250 omnium
711 2229 890 2260 consensu,
908 2229 1019 2263 egere.
1041 2216 1124 2259 Quis
1145 2216 1267 2251 Medici
1283 2224 1340 2250 aut
1355 2217 1523 2250 Moenchii
1540 2228 1678 2263 genera,
1695 2225 1732 2251 ut
1749 2218 1934 2252 viventium
1952 2229 2016 2252 no-

305 2288 452 2323 minibus
474 2300 661 2334 parcamus,
681 2295 739 2321 aut
765 2287 909 2322 Neckeri
927 2290 1060 2335 species
1083 2288 1306 2322 immortales
1325 2290 1450 2323 temere
1472 2297 1506 2322 et
1530 2289 1722 2323 inconsulto
1744 2290 1891 2337 accipit?
1915 2290 2017 2332 Quod

306 2363 402 2394 antea
420 2373 526 2407 genus
543 2372 632 2394 nunc
650 2360 831 2407 saepissime
847 2360 948 2394 ordo.
967 2360 1177 2394 Differentiae
1196 2371 1309 2404 novae,
1326 2360 1506 2395 affinitates
1523 2361 1655 2396 dudum
1678 2362 1803 2409 ignotae
1826 2370 2016 2408 patescunt,

307 2445 418 2479 neque
445 2434 638 2480 plantarum
663 2432 781 2466 formae
803 2432 904 2466 hodie
932 2433 1012 2466 laxis
1035 2433 1221 2468 verborum
1248 2434 1457 2478 retinaculis,
1475 2443 1509 2469 et
1533 2435 1762 2470 locutionibus
1780 2435 1885 2482 vagis,
1903 2434 2019 2480 quales

308 2505 515 2540 adhibebant
535 2505 586 2539 avi
606 2505 724 2547 nostri,
739 2504 884 2550 amplius
899 2505 1080 2551 complecti
1094 2513 1248 2552 possunt.
1267 2507 1344 2540 Non
1365 2507 1521 2541 novitatis
1535 2509 1618 2554 ergo
1636 2507 1813 2550 illecebris,
1827 2506 1885 2541 sed
1901 2518 2017 2541 neces-

307 2578 412 2611 sitatis
426 2577 582 2624 imperio,
598 2585 631 2611 et
649 2589 764 2611 rerum
783 2577 931 2624 impulsu
948 2577 1036 2611 fatali
1059 2589 1229 2623 paremus,
1248 2577 1308 2613 ubi
1326 2578 1416 2611 enim
1439 2578 1626 2623 diversitas,
1647 2580 1692 2614 ibi
1707 2579 1939 2623 dividendum,
1957 2592 2019 2614 nec

307 2650 484 2697 congeries
501 2650 655 2683 informis
668 2650 856 2684 toleranda.
875 2650 1014 2685 Entium
1029 2650 1209 2685 divisiones
1223 2651 1421 2698 despiciant,
1437 2652 1573 2685 nomina
1593 2660 1626 2686 et
1649 2652 1957 2686 nomenclationem
1972 2654 2019 2687 ri-

311 2723 424 2767 deant,
442 2734 590 2769 quorum
606 2722 767 2757 doctrinis
784 2724 830 2758 nil
845 2724 921 2758 talia
941 2732 1095 2771 prosunt.
1115 2727 1210 2759 Hanc
1222 2725 1313 2759 ultro
1329 2725 1559 2759 necessitatem
1573 2724 1748 2768 subibunt,
1767 2725 1891 2771 quibus
1906 2727 2020 2760 viven*

312 2796 396 2830 tium
421 2795 634 2839 descrimina,
658 2795 797 2839 formas,
815 2809 1009 2841 numerum,
1026 2797 1316 2841 distributionem,
1336 2797 1524 2844 mundique
1547 2809 1666 2831 arcana
1687 2809 1825 2833 noscere
1849 2798 1882 2832 in
1905 2799 2020 2834 animo

308 2876 370 2901 cst.

411 3072 452 3090 ιιι,
1889 3067 1920 3095 li
