2541 3936
1067 493 1204 538 (61)

688 742 1318 814 CRUCIFERAE.
1382 743 1580 815 JUSS.

518 1063 719 1113 TRIB.
773 1063 818 1112 I.
871 1060 1508 1138 CHEIRANTHEAE.
1553 1059 1677 1109 ΝοΒ.
1704 1079 1762 1117 (1).

281 1205 484 1266 SILIQUA
541 1205 804 1255 dehiscens
822 1246 833 1265 ‚
886 1205 1055 1254 rarius
1108 1201 1517 1253 sabz‘ndehiseens
1534 1243 1545 1262 ,
1601 1214 1656 1252 ut
1699 1202 1987 1272 plurimum

348 1298 588 1369 elongata
609 1340 620 1360 7
650 1298 863 1351 valvulis
897 1299 1103 1369 planis,
1154 1299 1322 1348 rarz'z'cs
1367 1297 1715 1350 subconvexis.
1764 1299 1987 1349 DISSEPI-

347 1413 560 1443 MENTUM
588 1392 794 1443 lineare.
826 1393 1016 1443 SEMINA
1052 1392 1404 1461 complanata,
1428 1404 1515 1442 aut
1543 1393 1775 1453 ovoidea⁷
1801 1394 1988 1461 soepiits

347 1487 653 1557 marginata.
703 1487 1069 1538 COTYLEDONES
1102 1485 1305 1556 plana?7
1346 1485 1725 1547 accumbentes,
1775 1486 1980 1554 dt'ssepi-

343 1592 508 1632 mento
534 1581 835 1651 paralleloe⁷
876 1593 964 1631 aut
995 1580 1362 1641 inezm‘zbentes3
1403 1580 1763 1648 dissepimento
1790 1594 1984 1631 eontra-

344 1676 452 1726 rioe.
481 1679 736 1729 RADICULA
759 1676 985 1727 lateralis
1011 1688 1099 1727 aut
1117 1675 1352 1726 dorsalis.

272 1771 476 1821 Plantce
495 1792 699 1829 annuaeq
718 1793 971 1841 perennes
990 1813 1002 1835 7
1024 1783 1116 1823 aut
1130 1771 1440 1841 szysfrutices,
1466 1768 1612 1820 caule
1630 1781 1792 1821 erecto
1812 1813 1821 1821 .
1840 1770 1982 1839 foliis

342 1866 610 1937 elongatis,
658 1869 876 1920 dentatis
895 1910 905 1929 ἢ
952 1868 1130 1919 Iobatis
1148 1910 1158 1928 ,
1204 1879 1293 1918 aut
1330 1866 1684 1934 decomposilis
1696 1890 1715 1930 ,-
1745 1867 1972 1938 floribus

341 1963 571 2031 spz'catis,
598 1962 768 2023 luteis„
798 1963 1060 2022 violaceis7
1096 1962 1252 2025 albis„
1283 1973 1374 2012 aut
1390 1961 1795 2012 versicoloribus.

307 2145 346 2180 (1)
361 2142 584 2171 Cruciferarum
605 2142 754 2171 familiam
775 2141 922 2179 enodare,
942 2143 1098 2181 aciemque
1116 2143 1186 2182 iuga
1204 2150 1307 2172 nostra
1328 2142 1454 2172 tolerare
1474 2143 1657 2177 indocilem,
1674 2144 1704 2172 in
1727 2143 1824 2172 tribus
1839 2151 1869 2172 et
1887 2144 1983 2172 curias

266 2207 423 2245 dispertire
435 2229 442 2242 ‚
457 2216 502 2235 res
514 2205 609 2235 ardua
623 2212 668 2235 est
680 2228 687 2242 ‚
700 2213 730 2235 et
744 2205 937 2244 perdifficilis.
952 2205 1045 2234 Velut
1059 2204 1259 2234 umbelliferis
1274 2212 1304 2234 et
1317 2205 1503 2245 borragineis
1515 2229 1522 2242 ‚
1539 2213 1627 2245 typus
1642 2206 1785 2236 omnibus
1800 2207 1879 2236 idem
1892 2230 1899 2243 ‚
1913 2218 1983 2236 om—

271 2272 381 2308 niaque
405 2270 617 2304 consentiunt,
633 2268 836 2307 amplitudine
858 2275 887 2297 et
908 2268 1005 2297 formai
1026 2269 1147 2297 tautum
1170 2269 1335 2297 variantur.
1358 2268 1541 2307 Hujusmodi
1560 2269 1680 2298 familiae
1702 2270 1784 2299 nulla
1805 2270 1981 2300 distributio

270 2336 339 2363 vere
361 2333 505 2363 naturalis
526 2333 565 2362 ab
593 2334 712 2372 organis
736 2332 860 2372 singulis
875 2332 1125 2371 qualitercunque
1146 2333 1293 2362 sumenda
1314 2340 1367 2362 est.
1385 2333 1525 2363 Partium
1546 2333 1610 2363 aliae
1629 2345 1664 2363 ex
1679 2334 1744 2363 aliis
1765 2335 1868 2364 sormae
1889 2346 1979 2364 excu-

268 2398 389 2427 tiendae.
408 2397 630 2427 Cruciserarum
645 2396 873 2426 distributiones
892 2403 995 2425 extant
1013 2396 1159 2434 praecipue
1180 2395 1258 2424 duae.
1276 2396 1391 2424 Linnaei
1412 2397 1443 2425 in
1458 2396 1616 2436 siliquosas
1630 2404 1660 2426 et
1674 2398 1838 2428 siliculosas
1852 2399 1960 2428 divisio
1970 2424 1979 2435 ,

265 2462 449 2501 quandoque
460 2461 598 2490 anomala
610 2484 617 2497 ,
634 2462 695 2499 ipsei
709 2467 810 2489 tamen
825 2470 896 2488 cum
910 2460 1017 2488 natura
1029 2459 1188 2498 saepissime
1202 2460 1350 2499 congruit.
1368 2459 1469 2489 Altera
1483 2460 1521 2489 ab
1536 2460 1700 2500 embryone
1714 2470 1835 2501 sumpta
1847 2470 1909 2497 est,
1922 2464 1974 2493 sed

265 2525 482 2565 cotyledonum
497 2532 527 2554 et
542 2523 682 2553 radiculae
701 2525 773 2552 situs
794 2524 870 2561 saepe
886 2522 973 2551 nohis
992 2522 1136 2552 obscurus
1149 2523 1283 2559 videtur,
1301 2535 1355 2553 nec
1367 2535 1485 2563 semper
1498 2526 1600 2555 forsan
1614 2527 1645 2555 in
1666 2526 1772 2555 eodem
1786 2537 1892 2566 genere
1902 2550 1909 2563 ‚
1926 2538 1978 2558 nec

265 2592 294 2619 iu
307 2590 411 2619 eadem
423 2590 530 2628 specie,
544 2588 638 2624 idem,
650 2587 731 2616 unde
746 2586 900 2616 affinitatis
911 2588 1134 2625 conjunctiones
1148 2589 1320 2617 arctissima?
1331 2589 1529 2626 dirimuntur,
1543 2598 1572 2619 et
1584 2591 1780 2629 perturbatur
1797 2591 1848 2620 illa
1860 2593 1978 2620 entium

261 2655 350 2683 series
365 2653 488 2682 linearis
501 2675 507 2688 ‚
524 2661 590 2690 quae
610 2651 708 2680 sinon
727 2650 853 2679 omnino
868 2660 970 2679 rerum
986 2657 1177 2680 externarum
1193 2662 1260 2691 quae
1276 2660 1447 2682 scrutamur
1463 2662 1579 2684 naturae
1597 2642 1795 2684 consentanea
1810 2656 1859 2691 sit,
1879 2657 1975 2685 nostri

260 2727 362 2748 tamen
384 2716 555 2747 intellectus
573 2725 721 2745 mensurae
740 2714 1006 2750 accommodatur,
1029 2721 1121 2754 atque
1139 2714 1274 2744 humano
1296 2716 1415 2755 ingenio
1436 2717 1498 2746 sola
1520 2724 1613 2756 atque
1631 2719 1720 2747 unica
1741 2720 1881 2748 convenit
1899 2720 1971 2755 (vid.

259 2783 371 2811 Cassini
386 2792 486 2820 opusc.
506 2780 591 2820 phyt.
607 2778 667 2809 vol.
681 2780 709 2808 3.
725 2789 790 2818 pag.
809 2779 870 2815 28).
887 2777 951 2807 Nec
964 2777 1119 2807 toleranda
1132 2785 1176 2807 est
1194 2778 1254 2807 ulla
1271 2780 1361 2808 series
1374 2802 1381 2816 ‚
1395 2779 1447 2808 uhi
1463 2779 1548 2820 longe
1564 2781 1602 2810 ab
1618 2781 1756 2821 Erysimo
1766 2805 1773 2819 ,
1787 2782 1971 2822 Sisymbrio,

260 2845 422 2884 Hesperide
433 2868 440 2881 ,
458 2852 488 2874 et
506 2843 680 2879 Malcomici,
701 2848 896 2872 removentur
920 2851 1028 2881 genera
1055 2843 1296 2880 conjunctissima
1323 2843 1542 2882 Cheiranfflus,
1568 2845 1760 2875 Nasturtium
1773 2867 1784 2883 ,-
1806 2847 1953 2878 Barbarea
1964 2871 1972 2882 ‚

259 2909 433 2945 Mattlfiola,
449 2916 479 2938 et
490 2908 528 2938 ab
543 2908 590 2937 his
605 2908 760 2937 Brassiceae
773 2907 836 2935 tota
850 2904 1069 2935 siliculosarum
1083 2904 1163 2934 mol'e
1183 2904 1406 2937 distrahuntur.
1424 2907 1648 2939 Cruciferarum
1663 2912 1733 2950 ergo
1747 2911 1971 2941 Canariensium

259 2973 480 3003 ordinationem
495 2972 679 3002 elaboraturi
691 2994 698 3007 ,
714 2977 856 3000 naturam
868 2969 977 2998 ducem
999 2969 1147 3007 imprimis
1161 2969 1253 2997 secuti
1268 2979 1387 3005 sumus,
1404 2978 1434 3000 et
1448 2971 1695 3003 distributionem
1707 2997 1714 3009 ‚
1735 2985 1827 3014 quam
1851 2977 1899 3005 vix
1915 2986 1971 3007 no-

261 3048 329 3067 vam
342 3037 493 3076 appellare
505 3037 666 3073 audemus,
683 3035 891 3065 botanicorum
903 3033 1029 3063 arbitrio
1041 3032 1215 3062 deserimus.
