2541 3936
1286 431 1424 476 (18)

496 527 706 562 subviolacea
718 553 726 568 ,
740 523 1035 559 ovato-lanceolata
1046 547 1055 564 ,
1070 522 1169 566 supra
1187 520 1440 553 subacuminata
1459 526 1516 552 aut
1533 516 1835 557 cremato-dentata,
1855 514 1972 549 subtus
1995 514 2028 546 in
2051 526 2202 559 unguem

494 607 677 640 attenuata,
691 610 724 631 2.
739 597 797 631 lin.
813 597 920 641 long,
936 595 995 628 lin.
1021 606 1048 626 1.
1065 593 1141 626 lata.
1158 594 1323 633 STAMINA,
1337 602 1486 636 quorum
1502 590 1522 623 5
1537 588 1713 635 paululum
1726 587 1892 632 longiora,
1910 586 2061 626 incurva,
2078 585 2201 631 stylum

496 672 660 713 foventia,
678 669 807 714 majora
826 668 885 700 lin.
912 679 921 699 1
941 665 958 704 ὲ
975 666 1074 710 longa
1088 692 1096 706 ,
1114 663 1263 696 antheris
1278 662 1383 696 ovatis
1402 661 1533 702 erectis,
1550 659 1730 692 filamentis
1749 658 1925 703 squamula
1937 657 2202 698 subacuminata,

494 742 722 789 irregulariter
735 737 1037 778 cremato-dentata,
1056 735 1111 769 lin.
1132 747 1159 767 1.
1178 735 1292 779 longa,
1305 732 1423 766 auctis.
1442 734 1571 765 STnus
1581 730 1692 764 brevis
1706 730 2004 772 leviterincurvus‚
2023 742 2113 763 nunc
2126 729 2203 761 sim-

495 817 591 862 plex,
609 826 698 848 nunc
724 813 756 845 in
775 811 879 857 stylos
897 809 917 843 5
947 808 987 842 ad
1015 807 1108 841 basin
1128 817 1234 851 usque
1256 804 1382 838 liberos
1412 803 1559 847 divisus,
1585 803 1752 844 caducus,
1783 802 1938 848 stigmate
1966 801 2177 847 cylindraceo
2191 828 2198 840 ,

493 889 616 922 lineato
629 887 768 921 demum
786 883 961 930 5-partito.
981 883 1142 914 Omnium
1156 874 1508 920 rotundato-ovatum,
1521 884 1766 917 tomentosum,
1782 874 1984 921 gynophoro
2000 874 2080 915 lato,
2096 873 2201 914 brevi,

493 961 666 1007 singulam,
680 960 766 1002 laevi,
776 959 948 1004 stipatum.
960 958 1114 990 Capsum
1124 954 1157 997 4
1172 953 1230 986 lin.
1246 953 1357 998 longa,
1370 965 1403 985 2.
1416 951 1474 984 lin.
1489 950 1567 991 lata,
1578 949 1772 991 rotundam,
1788 945 2069 995 pomiformis(1),
2082 958 2202 987 crassa,

494 1034 596 1075 laevis,
615 1044 795 1067 coecorum
812 1030 937 1065 suturis
950 1029 1086 1069 lineata,
1110 1026 1322 1072 sarcocarpio
1339 1033 1486 1065 maturo,
1509 1023 1636 1066 albido,
1655 1023 1755 1064 sicco,
1776 1022 1980 1068 spongioso,
1998 1019 2204 1064 eiidocarpio

496 1106 586 1138 tenui
600 1132 607 1146 ,
626 1105 657 1137 in
676 1115 772 1137 coeca
787 1103 808 1137 5
822 1101 1056 1136 aurantiorum
1069 1098 1247 1132 divisiones
1263 1097 1451 1139 referentia,
1470 1096 1609 1130 demum
1625 1094 1794 1128 secedens.
1810 1096 1925 1127 Cocex
1938 1092 2067 1126 tardius
2081 1092 2204 1125 intror-

493 1177 567 1208 sum
580 1175 694 1208 medio
707 1173 924 1215 dehiscentia,
937 1173 971 1215 4.
992 1172 1048 1204 lin.
1062 1171 1174 1216 longa,
1186 1171 1238 1203 vix
1250 1182 1283 1203 2.
1298 1169 1357 1202 lin.
1378 1169 1454 1203 lata.
1475 1170 1605 1202 SEMINA
1620 1180 1654 1209 2,
1665 1174 1722 1200 aut
1737 1166 1771 1207 3,
1785 1173 1894 1208 ovata,
1910 1165 2080 1211 angulata,
2093 1164 2202 1209 nigra,

494 1247 733 1293 puncticulata,
754 1246 847 1291 apice
860 1252 1043 1287 attenuata,
1060 1243 1306 1285 mucronulata‚
1326 1243 1383 1276 lin.
1410 1255 1418 1274 i
1444 1242 1588 1286 {longa,
1605 1241 1619 1278 {-
1634 1240 1692 1273 lin.
1714 1239 1790 1272 lata.
1811 1240 1924 1271 TESTA
1939 1237 2035 1271 dura.
2056 1239 2203 1270 TEGMEN

491 1331 671 1361 corneum,
690 1330 768 1352 cnm
785 1319 868 1351 testa
888 1323 1098 1350 concretum.
1121 1316 1376 1347 Pamsmzmnum
1397 1313 1542 1347 nullum.
1571 1314 1747 1345 Ramctssm
1767 1318 1874 1352 recta,
1901 1310 2114 1344 viridescens.
2135 1311 2202 1342 Co-

493 1403 689 1425 ·rx'LEnomzs
705 1390 864 1428 foliaceae⁷
882 1387 1206 1429 rotundato-ovano,
1225 1385 1359 1419 virides.

525 1477 584 1499 Ous.
604 1475 642 1498 Cl.
663 1475 692 1497 Α.
712 1473 745 1496 de
759 1474 863 1496 Jussieu
887 1475 989 1504 partem
1007 1475 1078 1494 testae
1101 1471 1253 1494 interiorem
1278 1476 1324 1493 seu
1341 1474 1443 1500 tegmen
1463 1476 1511 1499 pro
1531 1469 1704 1499 perispermio
1729 1468 1826 1495 habet,
1851 1473 1905 1490 tam
1926 1469 1996 1490 arcte
2020 1471 2108 1490 tamen
2130 1470 2201 1489 testa?

493 1532 624 1559 adliaeret,
650 1537 676 1555 ut
700 1539 747 1555 nec
770 1535 824 1554 arte
845 1529 896 1553 ulla
919 1528 1028 1554 divelli,
1048 1534 1094 1551 nec
1112 1528 1179 1558 aqua
1199 1526 1341 1550 ebulliente
1359 1525 1465 1549 dissolvi
1486 1528 1576 1558 possit.
1599 1527 1712 1558 Tegmen
1734 1533 1794 1557 ergo
1813 1532 1907 1557 corpus
1927 1526 2033 1548 unicum
2055 1532 2114 1549 cum
2137 1527 2201 1548 testa

492 1590 663 1614 constituere.
678 1592 702 1612 et
724 1587 895 1617 embryonem
918 1584 1091 1617 perispermio
1104 1583 1174 1606 omni
1194 1589 1283 1606 carere
1298 1589 1454 1613 persuasum
1471 1583 1610 1607 habemus.
1630 1584 1729 1614 Stigma
1753 1584 1778 1606 in
1795 1584 1883 1615 specie
1901 1585 1987 1606 nostra
2009 1582 2115 1606 demum
2134 1582 2202 1606 divi-

493 1654 565 1671 sum.
586 1646 667 1677 stylus
686 1645 828 1677 aliquando
847 1642 1001 1674 multiplex,
1024 1642 1132 1665 seminis
1149 1641 1325 1672 integumenta
1346 1643 1481 1666 concreta,
1500 1645 1523 1663 et
1549 1641 1715 1671 perispermii
1736 1640 1866 1666 desectus.
1890 1639 2073 1672 zygophylleas
2091 1641 2201 1663 arctiore

493 1704 628 1728 affinitatis
641 1703 746 1727 vinculo
759 1702 921 1734 geraniaceis
938 1701 1076 1730 stringunt.

525 1762 588 1785 Mira
606 1762 632 1784 Z.
654 1761 801 1783 Fontanesii
826 1766 895 1782 cum.
920 1759 937 1781 Z
965 1756 1026 1780 albo
1040 1754 1203 1780 similitudo,
1223 1758 1247 1777 et
1268 1754 1352 1777 fructu
1372 1754 1457 1777 forsan
1479 1757 1582 1776 maturo
1605 1761 1739 1784 nunquam
1759 1755 1829 1780 viso,
1856 1761 1903 1785 pro
1921 1753 2015 1777 eodem
2036 1754 2132 1776 summi
2152 1754 2199 1775 viri

495 1819 652 1842 habuerunt.
671 1816 781 1840 Confusa
798 1816 940 1847 specimina
961 1813 1108 1845 AEgyptiaca
1125 1819 1185 1836 cum
1206 1812 1294 1843 planta
1311 1812 1398 1833 nostra
1418 1811 1443 1833 in
1456 1810 1581 1833 Numidia
1596 1809 1675 1837 lecta,
1690 1811 1715 1833 in
1729 1810 1852 1833 herbario
1870 1811 2062 1833 Fontanesiano
2073 1810 2199 1834 vidimus.

493 1875 597 1905 Species
611 1873 676 1897 adeo
692 1872 780 1895 affines
802 1872 869 1894 notis
885 1869 1054 1901 sequentibus
1070 1868 1259 1899 distinguendae
1283 1872 1350 1891 sunt.
1371 1869 1398 1891 Z.
1419 1867 1471 1891 albi
1493 1868 1575 1891 caulis
1595 1867 1786 1898 procumbens,
1808 1868 1888 1891 nostri
1908 1871 2023 1894 erectus:
2044 1869 2110 1890 rami
2129 1868 2202 1891 ‹liva-

493 1931 583 1956 ricati.
599 1931 680 1953 nostri
700 1928 824 1955 conserti,
842 1927 984 1951 racemosi:
1001 1926 1062 1949 solia
1080 1925 1162 1948 multo
1181 1926 1282 1948 minora
1296 1932 1344 1948 nec
1364 1925 1570 1955 glancescentia,
1589 1924 1633 1948 scd
1653 1928 1705 1947 [oia
1725 1924 1814 1955 planta
1829 1924 1900 1948 villis
1915 1924 2082 1948 densioribus
2096 1925 2199 1948 vestita.

490 1987 550 2010 Flos
566 1985 734 2009 simillimus.
755 1984 799 2007 sed
824 1984 926 2007 minor.
950 1981 1046 2013 stylum
1066 1985 1153 2004 tamen
1173 1982 1198 2003 in
1217 1981 1408 2012 speciminibus
1428 1988 1485 2011 quae
1501 1982 1525 2003 in
1546 1981 1669 2004 herbario
1685 1981 1724 2004 Cl.
1743 1981 1825 2005 Delile
1838 1982 2048 2005 examinavimus
2066 1983 2200 2012 nunquam

492 2047 606 2070 divisum
620 2050 662 2069 aut
679 2043 854 2075 multiplicem
871 2043 1028 2065 invenimus.
1048 2041 1171 2064 Ovarium
1191 2041 1218 2063 Z.
1235 2039 1288 2063 albi
1300 2039 1446 2065 stellatum,
1462 2038 1517 2062 basi
1536 2043 1723 2070 pentagonum.
1740 2040 1764 2062 in
1783 2037 1942 2069 pedicellnm
1961 2043 2138 2064 attenuatum,
2155 2046 2199 2061 ne..

490 2108 597 2127 ovatum
610 2107 653 2126 aut
673 2101 840 2134 pomisorme.
857 2101 938 2124 Cocca
956 2100 1030 2130 apice
1047 2102 1154 2122 cornuta
1167 2115 1172 2123 ,
1201 2097 1325 2120 stellatim
1344 2096 1504 2122 divaricata,
1529 2096 1604 2121 basi,
1626 2103 1672 2119 nec
1694 2097 1718 2119 in
1740 2095 1842 2122 medio,
1867 2095 2016 2119 dehiscunt.
2036 2096 2159 2120 Pedicelli
2177 2102 2199 2117 ιη

491 2162 549 2183 axis
568 2159 691 2183 centralis
709 2158 809 2181 diutius
829 2158 985 2188 persistunt,
1003 2162 1049 2179 nec
1067 2159 1093 2177 ut
1114 2155 1139 2177 in
1163 2154 1249 2184 specie
1266 2155 1352 2176 nostra
1372 2155 1458 2177 coecis
1475 2153 1631 2178 cadentibus
1646 2153 1781 2177 decidunt.
1805 2154 1911 2184 Utrique
1926 2153 2041 2183 denique
2060 2154 2144 2184 patria
2160 2152 2200 2176 di-

492 2225 578 2241 versa,
594 2216 704 2240 alterum
723 2216 900 2246 ngyptiacnm
911 2230 916 2240 ,
935 2213 1048 2236 alte-rum
1065 2210 1159 2234 Asricae
1175 2210 1347 2234 occidentalis
1363 2211 1468 2242 hospes.

934 2350 1354 2396 EXPLICATIO
1396 2349 1689 2392 TABULAE
1728 2350 1760 2391 I.

546 2488 574 2508 1.
593 2475 710 2508 Planta
725 2474 859 2517 florida,
878 2481 912 2507 et
930 2472 1115 2513 lructisera,
1134 2468 1369 2516 magnitudine
1388 2468 1543 2501 naturali.
1565 2468 1745 2514 Sequentia
1764 2476 1872 2502 aucta.
1896 2481 1929 2501 2.
1962 2469 2039 2502 Flos
2056 2469 2195 2514 integer.

495 2546 528 2579 3.
566 2545 660 2579 Idem
696 2545 821 2579 foliolis
845 2544 1002 2591 calycinis
1026 2542 1190 2577 abscissis.
1223 2541 1258 2584 4.
1279 2540 1444 2573 Petalum.
1485 2539 1517 2573 5.
1547 2541 1695 2574 Stamina
1720 2549 1753 2574 et
1777 2541 1941 2587 pistillum
1963 2541 2084 2574 foliolis
2113 2541 2199 2586 caly-

494 2617 576 2650 cinis
601 2625 634 2650 et
663 2616 782 2662 petalis
806 2615 984 2662 ademptis
1019 2614 1052 2647 6.
1081 2616 1217 2647 Stamen
1243 2614 1262 2646 a
1285 2612 1395 2645 fronte
1420 2612 1542 2645 visum.
1572 2625 1604 2658 7.
1628 2612 1723 2647 Idem
1748 2614 1856 2647 visum
1876 2616 1892 2648 a
1919 2614 2031 2647 latere.
2060 2614 2093 2647 8.
2115 2614 2201 2646 Ova-

495 2690 584 2723 rium
617 2689 778 2735 gynobasi
818 2688 982 2730 insidens,
1020 2687 1131 2733 calyce
1168 2694 1201 2720 et
1241 2685 1367 2719 corolla
1390 2685 1523 2718 avulsis.
1553 2698 1586 2731 9.
1615 2685 1727 2732 Stylus
1752 2685 1793 2719 ad
1811 2685 1905 2719 basin
1929 2698 2035 2730 usque
2058 2685 2195 2719 divisus.

536 2897 575 2932 (l)
590 2895 717 2934 Capsula
727 2896 827 2932 junior
842 2896 873 2923 in
884 2895 1028 2924 herbariis
1038 2895 1193 2930 exsiccata,
1208 2893 1439 2932 pareucliymate
1450 2891 1591 2930 collapso,
1612 2893 1736 2930 5-gona,
1752 2892 1818 2920 viva
1835 2902 1963 2930 sempev,
1979 2893 2068 2921 etiam
2081 2894 2155 2921 sicca
2169 2901 2198 2921 et

497 2955 615 2975 matura
630 2969 636 2980 ,
659 2947 789 2986 globosa.
