2541 3936
1270 495 1283 537 (
1317 491 1395 530 102
1424 494 1437 536 )

503 586 762 642 diaphanae,
783 583 907 624 valde
931 588 1147 631 curvatae,
1166 579 1492 622 incumbentes.
1517 578 1739 619 Rimmon».
1761 577 1929 629 brevis,
1946 576 2204 627 ascendens,

500 666 681 709 dorsalis
693 698 702 716 ,
721 663 935 720 placentae
952 660 1163 717 opposita.

556 745 724 788 HERBAE
746 756 928 793 annuae,
947 741 1018 783 vel
1034 740 1240 792 biennes,
1258 739 1403 782 rarius
1428 737 1682 782 suffrutices
1695 771 1704 789 ,
1729 736 1933 780 caulibus
1951 737 2207 787 suberecfis,

501 827 688 869 demum
704 821 1082 867 decumbentibus
1096 855 1105 873 ,
1123 828 1204 863 aut
1219 819 1383 877 rigidis,
1401 818 1557 862 erectis
1568 852 1578 871 ,
1604 818 1718 861 foliis
1740 817 2032 874 exstipulatis,
2058 816 2210 858 viridi-

502 907 603 955 hus,
633 905 820 956 teneris,
844 910 897 945 ut
922 903 1176 959 plurimum
1201 899 1508 957 glaberrimis,
1525 898 1704 951 trifidis,
1721 896 1976 948 multifidis,
1993 903 2073 938 aut
2096 896 2210 938 indi—

500 988 620 1038 visis,
650 983 915 1035 linearibus,
943 981 1126 1024 floribus
1157 981 1360 1037 spicatis,
1383 981 1582 1033 cernuis,
1610 978 1831 1037 pedicellis
1859 976 2210 1033 erecto-patulis,

502 1064 794 1110 bracteolatis.
812 1061 981 1120 Species
1001 1062 1135 1103 unica
1160 1061 1394 1117 Europam
1420 1060 1646 1103 borealem
1659 1093 1669 1112 ,
1686 1060 1866 1116 reliquae
1883 1058 2019 1100 maris
2041 1056 2211 1099 interni

503 1163 614 1199 oras,
625 1143 875 1203 'plagasque
892 1142 1082 1198 Europae
1098 1140 1423 1192 meridionalis,
1441 1147 1485 1183 et
1505 1140 1667 1182 Africae
1686 1146 1945 1196 temperatae
1963 1138 2181 1180 incolunt.

550 1228 631 1260 OBs.
652 1227 705 1258 De
722 1223 978 1258 resedacearum
994 1220 1132 1263 fabrica,
1145 1227 1179 1253 et
1193 1231 1275 1254 vero
1293 1219 1379 1253 inter
1392 1219 1529 1254 ordines
1548 1219 1615 1253 situ
1633 1219 1827 1254 conferendi
1843 1226 1932 1253 sunt.
1953 1219 2098 1252 Tristan.
2121 1220 2210 1251 Ann.

503 1300 548 1334 du
564 1300 653 1333 Mus.
669 1297 737 1332 vol.
760 1298 813 1332 18.
832 1307 911 1343 pag.
927 1293 1010 1341 392.
1032 1295 1106 1327 DC.
1128 1293 1255 1326 Theor.
1280 1292 1380 1326 elem.
1400 1292 1454 1326 ed.
1484 1305 1513 1327 1.
1533 1304 1610 1339 pag.
1632 1293 1716 1337 214.
1735 1292 1886 1327 Hooker.
1906 1292 1997 1326 Flor.
2021 1293 2110 1326 Scot.
2132 1302 2209 1337 pag.

504 1373 587 1415 204.
610 1369 763 1416 Lindley.
785 1368 873 1419 Coll.
899 1370 975 1401 Bot.
1001 1367 1070 1400 tab.
1089 1378 1148 1399 22.
1172 1367 1211 1398 R.
1234 1368 1368 1399 Brown.
1390 1364 1474 1398 Obs.
1495 1364 1537 1399 ad
1552 1365 1633 1399 calc.
1655 1364 1727 1399 itin.
1747 1365 1905 1413 Oudney.
1927 1365 2040 1399 Denh.
2063 1371 2097 1398 et
2111 1364 2214 1410 Glap-

507 1453 638 1491 perton.
657 1455 733 1490 pag.
763 1454 819 1475 22.
845 1439 994 1487 Agardh.
1022 1439 1114 1472 Flor.
1138 1437 1194 1472 od.
1222 1439 1294 1471 Bot.
1323 1437 1408 1471 Zeit.
1437 1436 1538 1471 1833.
1559 1449 1635 1484 pag.
1668 1438 1747 1472 113.
1768 1439 1807 1471 A.
1827 1441 1869 1472 de
1887 1439 1923 1471 St
1939 1437 2008 1471 Hil.
2026 1439 2113 1471 Ann.
2137 1438 2211 1470 Soc.

507 1519 593 1564 Roy.
612 1516 676 1550 Sci.
694 1514 848 1548 Orleans.
868 1521 953 1547 tom.
977 1511 1031 1546 13.
1055 1510 1157 1545 1835.
1178 1515 1211 1543 2‘
1225 1510 1330 1543 Mem.
1351 1510 1456 1543 Paris,
1481 1508 1582 1545 1836.
1601 1509 1803 1544 Lind1.Nat.
1828 1512 1915 1557 Syst.
1934 1522 2012 1557 pag.
2032 1510 2089 1544 62.

555 1592 622 1623 Tot
635 1586 825 1622 reconditas
839 1596 1053 1620 summorum
1068 1585 1221 1617 virorum
1233 1582 1477 1629 disputationes
1492 1591 1551 1617 aut
1565 1583 1619 1617 hic
1634 1582 1815 1626 discutere,
1829 1591 1886 1617 aut
1899 1583 2002 1616 etiam
2016 1583 2048 1616 in
2067 1583 2215 1629 epitoma

508 1669 690 1703 coarctare,
715 1658 811 1706 spatii
836 1657 988 1704 angustia
1013 1654 1182 1702 prohibet.
1209 1654 1334 1688 Mirum
1356 1662 1470 1688 tamen
1487 1667 1566 1688 vera
1592 1666 1710 1689 omnes
1734 1655 1987 1701 praetermisisse
2006 1654 2161 1700 stigmata
2183 1666 2215 1696 2,

507 1747 665 1777 carnosa,
684 1733 823 1767 minima
837 1759 845 1775 ‚
867 1730 1027 1773 decidua,
1048 1739 1215 1763 cornuum
1237 1727 1382 1775 capsulae
1401 1728 1552 1774 apicibus
1575 1727 1761 1762 insidentia.
1783 1728 1947 1762 Ovarium
1971 1727 2143 1761 alabastro
2161 1726 2216 1773 ju—

511 1810 605 1842 niore
621 1814 777 1854 apertum
794 1805 951 1839 viderunt
964 1802 1138 1837 Brownius
1150 1809 1184 1836 et
1198 1802 1239 1836 A.
1261 1800 1303 1835 de
1321 1802 1357 1834 St
1373 1800 1511 1845 Hilaire,
1527 1800 1667 1835 demum
1680 1801 1773 1835 hiare
1787 1802 1913 1835 norunt
1932 1812 2063 1842 omnes,
2083 1812 2144 1846 per
2157 1812 2217 1833 an-

507 1881 616 1915 thesin
635 1888 748 1914 tamen
763 1886 797 1912 et
809 1878 842 1912 in
856 1877 1024 1911 alabastro
1040 1876 1157 1910 adulto
1172 1875 1320 1922 partium
1331 1874 1485 1916 admotu,
1501 1882 1535 1907 et
1551 1874 1620 1908 sine
1636 1873 1840 1916 cohaesione,
1857 1874 2045 1920 specierum
2063 1874 2217 1907 omnium

506 1952 618 1987 claudi
633 1952 757 1995 ovaria,
769 1951 823 1985 vix
841 1958 878 1985 ut
895 1950 1029 1984 videtur
1042 1949 1120 1984 satis
1136 1955 1268 1982 notum.
1284 1949 1313 1981 A
1326 1958 1451 1994 genere
1465 1953 1583 1980 nostro
1599 1945 1823 1989 excludimus,
1838 1953 1959 1992 praeter
1974 1947 2218 1993 Astrocarpum

509 2025 630 2067 Neek.,
643 2024 822 2058 Luteolam
835 2021 998 2056 Tournef.
1017 2021 1210 2067 Caylusiam
1229 2020 1269 2052 A.
1288 2018 1330 2053 de
1344 2020 1380 2052 St
1399 2017 1465 2051 Hil.
1488 2025 1521 2050 et
1541 2016 1704 2051 Resedam
1721 2017 1913 2052 subulatam
1935 2018 2011 2052 Del.
2028 2030 2104 2064 quae
2118 2019 2218 2052 Rese-

509 2097 595 2132 della
612 2097 700 2131 Nob.

879 2201 1144 2245 RESEDA
1188 2200 1321 2244 CRY
1331 2199 1669 2242 STALLINA.
1714 2200 1831 2242 Noss.

561 2301 600 2331 R.
621 2297 706 2331 foliis
722 2295 892 2337 3-loliatis,
906 2294 1105 2328 inferiorum
1119 2292 1239 2327 foliolis
1253 2292 1378 2338 pluries
1389 2290 1502 2325 2-fidis
1514 2303 1523 2335 ;
1537 2291 1649 2338 calyce
1663 2292 1759 2326 brevi
1774 2291 1934 2339 6-phyllo
1948 2305 1957 2336 3
1974 2292 2101 2326 corolla
2120 2292 2217 2338 6-pe—

513 2372 577 2405 tali}
593 2384 602 2414 3
619 2370 762 2418 capsulis
780 2367 993 2414 longissimis,
1011 2365 1222 2413 prismaticiS,
1242 2353 1426 2411 3·quetris‚
1448 2363 1650 2399 3-valvibus.

547 2441 665 2471 Reseda
679 2441 858 2470 Lancerotae.
876 2439 949 2468 Nob.
964 2438 1002 2466 ἰη.
1020 2438 1070 2466 litt.
1088 2437 1171 2465 Delc'l.
1190 2437 1266 2465 Sem.
1282 2436 1308 2465 h.
1324 2437 1434 2474 fllonsp.
1449 2447 1517 2475 pag.
1533 2437 1579 2464 27.
1597 2437 1683 2467 1836.

560 2509 646 2540 Hm.
668 2508 705 2539 In
722 2505 810 2539 arvis
825 2504 943 2537 insulae
958 2505 1169 2536 Lancerottae
1184 2501 1269 2534 inter
1287 2500 1436 2534 viculum
1451 2500 1574 2535 Har-ia
1591 2508 1625 2534 et
1639 2509 1793 2534 montem
1810 2501 1983 2547 quondam
2007 2501 2219 2547 ignivomum

512 2578 552 2612 de
572 2579 609 2612 la
632 2578 792 2612 Corona.

560 2653 718 2685 Disrmss.
739 2661 842 2684 GEOG.
865 2649 979 2682 Planta
995 2645 1215 2680 Canariensis.

547 2723 609 2748 Ons.
626 2722 724 2752 Species
738 2721 817 2752 primo
833 2723 935 2751 aspectu
953 2719 984 2743 R.
1001 2718 1124 2749 pruinosae
1138 2717 1193 2742 Del.
1211 2717 1298 2746 affinis,
1310 2717 1393 2740 differt
1409 2720 1493 2741 tamen
1506 2717 1594 2742 foliolis
1606 2718 1723 2748 calycinis
1737 2719 1831 2749 parvis,
1844 2720 1995 2749 subobtusis,
2007 2725 2052 2744 nec
2065 2718 2217 2747 lanceolatis,

518 2780 606 2809 acutis,
626 2780 739 2809 margine
758 2778 881 2808 scariosis‚
897 2778 1037 2808 petalorum
1056 2775 1176 2806 denique,
1191 2775 1260 2804 disci,
1276 2775 1452 2802 antherarum,
1463 2777 1489 2798 et
1502 2775 1608 2804 capsulae
1626 2775 1714 2800 forma.
1732 2777 1763 2800 A.
1779 2776 1809 2800 R.
1828 2777 1894 2802 lutea
1911 2776 2009 2807 papulis
2024 2776 2183 2808 crystallinis,
2195 2780 2219 2800 et

512 2837 617 2866 capsulis
632 2836 750 2866 elongatis
763 2835 834 2860 facile
845 2834 1016 2865 distinguitur.

557 2893 645 2921 DEsc.
663 2892 786 2920 PLANTAE
801 2891 892 2920 totius
905 2899 1012 2929 organa
1028 2891 1141 2924 omnia,
1151 2893 1242 2926 prout
1259 2888 1289 2915 in
1304 2887 1621 2926 Mesemhryanthemo
1634 2887 1815 2927 crystallino,
1832 2889 1968 2918 vesiculis
1978 2891 2098 2929 aquosis
2109 2889 2216 2919 obsita.

519 2957 614 2986 Rtmx
634 2955 713 2992 alba,
736 2954 920 2994 sublignosa,
941 2953 1058 2982 annua?
1080 2952 1192 2981 CAULES
1209 2950 1333 2990 plurimi
1347 2942 1529 2985 rectiu'sculi,
1547 2951 1709 2988 substricti,
1726 2958 1779 2980 aut
1799 2951 1905 2982 leviter
1919 2953 2078 2989 incurvati,
2098 2952 2218 2982 virides.

518 3020 607 3048 Fom
622 3019 782 3057 3-partita‚
796 3016 972 3046 inferiorum
984 3015 1098 3045 laciniis
1110 3014 1223 3053 pluries
1237 3013 1352 3050 2-fidis,
1364 3013 1720 3050 lanceolam-linearibus,
1732 3015 1842 3045 ultimo
1853 3016 1996 3056 longiore.
2008 3017 2126 3046 RAcmn
2137 3017 2220 3046 elon—
