2541 3936
1280 464 1418 509 (84)

502 565 577 598 quae
601 552 667 585 basi
689 551 861 585 evidenter
879 551 1063 584 articulatae
1080 558 1194 593 erant,
1212 550 1355 584 articulo
1373 551 1460 594 lato,
1477 562 1634 597 aspermo
1651 550 1716 596 (ι).
1738 551 1871 586 Deinde
1892 552 2092 598 siliquarum
2113 564 2205 586 acer-

501 636 581 658 vum
595 624 626 657 in
642 623 741 656 horto
759 623 864 669 Regio
877 622 1046 656 cultarum
1060 622 1159 655 nobis
1172 622 1329 656 indicavit
1344 623 1387 656 cl.
1405 622 1583 668 Spaehius,
1603 634 1752 668 quarum
1766 635 1843 669 pars
1859 623 2008 657 articulis
2025 623 2208 657 manifestis

500 696 660 729 instructa
676 702 747 728 erat
759 721 770 736 ,
793 706 872 741 pars
888 706 927 728 ex
944 693 1061 728 iisdem
1078 694 1232 728 caulibus
1255 694 1399 728 articulo
1422 693 1578 736 carebat,
1595 693 1685 727 unde
1703 694 1847 740 amplius
1871 694 2022 740 Raphani
2040 695 2135 728 sativi
2147 722 2155 737 ,
2175 703 2208 728 et

499 778 632 812 semper
646 766 754 799 forsan
772 766 894 811 plantze
906 765 1088 812 sylvestris,
1105 766 1263 812 siliquam
1280 766 1493 800 articulatam
1512 777 1585 799 esse
1601 777 1671 799 non
1689 765 1915 799 dubitandum
1934 773 2018 809 erat,
2043 779 2105 800 nec
2123 767 2207 801 ultra

499 839 540 873 de
555 841 643 872 arcta
660 838 808 884 Raphani
821 846 855 872 et
872 837 1097 885 Raphanistri,
1121 846 1170 872 tot
1187 839 1322 885 organis
1343 838 1492 885 alioquin
1517 838 1691 881 similium,
1716 838 1879 871 affinitate
1904 838 2077 885 ambigere
2102 839 2205 873 licuit.

499 911 593 956 Saepe
609 910 710 943 etiam
735 911 775 942 R.
795 910 889 943 sativi
906 910 1025 956 siliqua
1045 910 1077 943 in
1095 910 1217 956 globos
1233 911 1444 945 seminiferos
1462 911 1674 946 contrahitur
1691 910 1757 957 (2),
1776 911 1931 957 quamvis
1947 912 2059 945 minus
2074 911 2208 958 regula-

500 983 580 1016 riter
601 994 704 1028 quam
723 982 756 1016 in
772 982 1020 1029 Raphanistro,
1039 983 1278 1030 glandulaeque
1295 984 1492 1032 hypogynae
1509 984 1679 1019 ambobus
1695 984 1835 1018 omnino
1851 983 1980 1018 eaedem
2002 983 2068 1030 (3),
2088 983 2145 1017 sed
2162 983 2209 1016 fa-

500 1054 639 1089 tendum
668 1062 718 1088 est
744 1054 873 1100 siliquae
895 1056 934 1088 R.
964 1054 1059 1088 sativi
1087 1054 1249 1089 fabricam
1277 1056 1475 1090 interiorem
1500 1056 1751 1103 aliquantulum
1775 1058 1793 1090 Ξι
1816 1056 2041 1103 Raphanistro
2055 1055 2210 1099 differre,

500 1127 703 1173 fungositate
720 1126 856 1166 scilicet,
874 1134 907 1160 et
924 1126 1132 1161 membranae
1150 1127 1291 1161 internae
1307 1129 1547 1173 coarctatione,
1565 1142 1642 1176 quae
1659 1129 1786 1164 semina
1800 1156 1808 1172 ,
1831 1129 1926 1175 quasi
1943 1129 2062 1175 siliqua
2087 1129 2189 1162 altera
2203 1156 2210 1169 ,

500 1199 674 1241 interiore,
689 1198 854 1244 diaphana
868 1225 876 1241 ,
892 1198 1118 1244 amplectitur.
1140 1199 1247 1234 Abest
1263 1212 1414 1247 quoque,
1434 1208 1471 1235 ut
1489 1201 1643 1245 videtur,
1662 1201 1942 1248 dissepimentum
1956 1228 1964 1244 ,
1981 1200 2074 1247 quod
2093 1201 2126 1234 in
2145 1201 2209 1234 Ra-

499 1271 673 1318 phanistro
696 1282 757 1318 per
774 1271 1042 1315 contractiones,
1060 1279 1094 1306 et
1112 1273 1253 1307 nuculas
1277 1285 1483 1320 procurrens
1497 1301 1505 1317 ⁷
1533 1273 1691 1319 siliquam
1714 1273 1936 1307 bilocularem
1950 1301 1958 1316 ,
1979 1273 2096 1307 loculis
2113 1273 2211 1306 alter-

499 1344 605 1377 natim
620 1343 748 1386 vacuis,
764 1342 900 1377 efficere
914 1343 1016 1377 debet
1032 1371 1040 1386 ,
1061 1344 1119 1378 sed
1137 1345 1273 1378 seminis
1290 1345 1380 1379 unici
1396 1345 1624 1389 incremento,
1643 1345 1739 1391 quod
1763 1347 1861 1379 antea
1876 1344 2096 1392 diaphragma
2119 1353 2191 1379 erat
2203 1373 2210 1387 ,

498 1417 540 1451 ad
560 1416 692 1450 nuculae
714 1415 877 1461 parietem
902 1415 1114 1461 provehitur,
1133 1415 1333 1462 fructusque
1357 1416 1390 1450 in
1409 1417 1541 1462 siliquae
1565 1417 1784 1452 unilocularis
1810 1418 1956 1464 speciem
1987 1418 2208 1451 convertitur.

500 1489 599 1523 Tales
615 1490 696 1523 vero
713 1487 911 1522 differentiae
923 1514 932 1530 ,
954 1499 1031 1533 quae
1047 1489 1066 1521 a
1088 1488 1235 1535 partium
1256 1489 1380 1523 coalitu
1394 1516 1403 1534 ,
1424 1498 1481 1524 aut
1502 1491 1755 1526 oblitteratione
1771 1492 1996 1537 proveniunt,
2014 1491 2117 1525 ovarii
2141 1491 2209 1524 for-

500 1574 556 1595 san
574 1561 717 1608 junioris
731 1559 891 1603 examini,
913 1559 1082 1606 oculoque
1097 1559 1138 1594 ad
1154 1561 1315 1595 amussim
1331 1569 1483 1606 armato,
1504 1563 1639 1597 cedent.

913 1701 1278 1758 RAPHANUS
1313 1703 1603 1748 SATIVUS.
1647 1706 1791 1765 L1N15.

550 1813 589 1844 R.
611 1810 696 1844 foliis
711 1809 923 1844 inferioribus
937 1809 1069 1857 lyratis,
1088 1811 1320 1858 superioribus
1335 1811 1540 1845 lanceolatis.

541 1882 705 1921 Raphanus
729 1883 851 1911 sativus.
876 1883 961 1910 Linu.
986 1883 1042 1920 Sp.
1067 1883 1107 1920 pl.
1130 1883 1186 1910 vol.
1210 1883 1239 1910 2.
1262 1893 1330 1921 pag.
1357 1884 1425 1911 935.
1452 1884 1516 1913 DC.
1544 1884 1626 1923 Syst.
1656 1885 1709 1912 vol.
1735 1885 1764 1912 2.
1791 1895 1862 1923 pag.
1885 1883 1955 1912 663.
1980 1884 2067 1912 Prod.
2102 1885 2153 1912 vol.
2183 1886 2207 1911 1.

498 1958 567 1986 pag.
585 1948 652 1976 228.
669 1947 797 1985 Sclzimp.
813 1948 951 1984 clSpenn.
971 1946 1016 1974 Fl.
1034 1945 1111 1973 Frib.
1129 1946 1185 1974 vol.
1200 1946 1228 1974 2.
1244 1957 1314 1984 pag.
1326 1947 1396 1975 973.
1413 1946 1535 1986 lab.fig.
1550 1949 1597 1978 11.
1617 1948 1663 1976 12.
1682 1948 1729 1977 13.
1747 1947 1793 1976 14.
1813 1948 1855 1976 ¹5.
1872 1947 2068 1986 Cotyledones
2083 1948 2207 1985 optime.

539 2011 665 2040 Rabano
680 2011 843 2040 incolarum.

548 2066 635 2097 ΗΑΒ.
658 2064 732 2098 Huc
750 2063 829 2097 illuc
843 2062 885 2097 ad
901 2062 1071 2109 margines
1083 2074 1263 2109 agrorum,
1280 2075 1320 2096 ex
1336 2062 1443 2097 hortis
1459 2063 1575 2098 vicinis
1591 2063 1714 2111 elapsa.

546 2138 705 2170 DisTmss.
725 2147 830 2170 οεοῦ.
847 2134 965 2168 Planta
983 2133 1125 2168 Asiatica
1147 2134 1278 2180 imperii
1293 2134 1441 2169 Sinensis
1457 2143 1494 2169 ut
1515 2136 1695 2171 verisimile
1711 2145 1761 2171 est
1779 2138 1953 2184 indigena,
1974 2150 2064 2171 nunc
2079 2149 2140 2183 per
2157 2144 2209 2169 to-

499 2218 572 2244 tum
587 2217 757 2244 terrarum
768 2208 888 2244 orbem
907 2207 1087 2255 hospitata.

785 2345 1148 2389 RAPHANUS
1188 2345 1745 2389 RAPHANISTRUM.
1788 2348 1930 2390 LlNN.

550 2457 589 2488 R.
609 2454 693 2488 foliis
710 2451 992 2499 lyram-pinnatis,
1010 2451 1221 2497 inaequaliter
1240 2451 1397 2495 dentatis,
1417 2451 1497 2485 lobo
1516 2451 1684 2485 terminali
1704 2452 1864 2486 maximo.

541 2526 787 2566 Raphanistrum.
808 2524 940 2564 Tourmf.
955 2524 1026 2552 Insl.
1044 2524 1100 2551 vol.
1120 2525 1145 2551 1.
1162 2534 1234 2562 pag.
1250 2523 1319 2551 250.
1338 2523 1392 2551 lab.
1411 2524 1477 2552 115.

540 2591 704 2630 Raphanus
724 2587 973 2627 Raphanistrum.
999 2587 1086 2616 Lirin.
1107 2587 1163 2624 Sp.
1181 2586 1220 2624 pl.
1238 2585 1294 2613 vol.
1315 2586 1343 2614 2.
1360 2596 1430 2625 pag.
1455 2586 1523 2615 953.
1542 2587 1633 2626 Engl.
1655 2588 1717 2616 Bot.
1739 2589 1792 2616 tab.
1816 2588 1882 2616 856.
1903 2590 1970 2618 DC.
1994 2590 2074 2627 Sy-se.
2100 2589 2152 2617 vol.
2175 2589 2202 2615 2.

502 2665 570 2693 pag.
587 2653 656 2683 666.
671 2652 755 2681 Prod.
772 2652 828 2680 vol.
848 2653 872 2679 1.
885 2661 954 2689 pag.
974 2651 1043 2679 229.

540 2716 776 2755 Raphanistrmn
788 2714 965 2754 Lampsana.
994 2714 1101 2742 Gaertn.
1119 2713 1177 2742 vol.
1194 2714 1222 2742 2.
1243 2723 1311 2751 pag.
1328 2713 1397 2742 300.
1416 2713 1470 2741 [ab.
1490 2712 1558 2743 143.
1573 2713 1636 2751 fig.
1649 2715 1677 2743 6.

543 2878 582 2912 (1)
596 2874 665 2905 Vid.
680 2874 742 2903 tab.
759 2876 787 2904 8.
801 2875 835 2903 Α.

542 2940 582 2975 (2)
596 2937 723 2967 Ibidem.

542 3001 581 3041 (3)
598 3001 727 3031 Ibidem.
