2541 3936
1065 478 1231 525 (131)

810 641 994 684 SECT.
1034 641 1103 684 II.
1145 641 1489 682 NOTHRJA.

302 757 338 798 C
339 759 438 799 aule
451 760 644 812 perenni,
671 759 934 813 [ignescente,
956 760 1237 808 decumbente,
1263 766 1337 800 aut
1362 758 1653 809 erectiusculo,
1668 755 1796 811 fi'liiS
1826 755 1992 811 infer-io-

467 840 585 880 ribus
614 841 834 893 oppositis,
851 839 1330 880 vermiculato—remlutis
1341 871 1350 886 ,
1367 838 1575 891 placentis
1593 837 1828 878 6-00ulatis.

674 1013 1083 1057 FRANKENIA
1127 976 1462 1057 CAPITATA.
1509 1010 1630 1052 Noss.

349 1133 386 1165 F.
406 1131 558 1165 caulibus
575 1131 869 1175 decumbentibus,
888 1140 944 1166 aut
957 1132 1197 1175 erectiuseulis,
1211 1131 1384 1173 velutini83
1404 1129 1490 1162 foliis
1501 1128 1649 1174 glabri53
1669 1126 1837 1173 calycibus
1849 1126 1999 1173 hispidis.

338 1214 453 1243 Franca
469 1216 632 1253 maritima,
645 1217 764 1255 supina,
780 1217 921 1253 saxatilis,
935 1215 1048 1256 glauca,
1061 1215 1202 1245 ericoides
1218 1214 1434 1253 sempervirens
1448 1212 1520 1241 flore
1544 1221 1708 1250 purpureo.
1728 1211 1814 1239 Mt'clz.
1836 1211 1906 1238 Gen.
1925 1221 1998 1249 pag.

303 1279 421 1307 23.1ah.
439 1280 487 1307 22.
499 1279 557 1320 fig.
574 1283 601 1310 1.

339 1345 509 1373 Frankenia
523 1344 612 1373 laevis.
636 1344 719 1371 Lina.
737 1344 792 1382 Sp.
808 1344 847 1382 pl.
869 1344 919 1371 vol.
939 1345 965 1371 1.
988 1354 1057 1382 pag.
1076 1343 1143 1371 472³.
1161 1344 1229 1372 DC.
1250 1343 1337 1370 Prod.
1354 1342 1407 1369 vol.
1432 1343 1458 1368 1.
1480 1351 1548 1378 pag.
1567 1340 1633 1369 349.
1654 1339 1734 1367 Lz'rzk.
1753 1340 1781 1367 in
1795 1338 1874 1367 ΒιιεΙι
1888 1338 2005 1366 Besclzr.

301 1409 374 1438 Can.
389 1410 448 1436 Ins.
465 1415 536 1446 pag.
557 1406 622 1434 154.

336 1471 504 1499 Frankenia
519 1469 707 1499 intermedia.
723 1469 787 1498 DC.
804 1470 890 1498 Prod.
908 1469 958 1497 vol.
980 1473 1006 1496 1.
1017 1479 1087 1508 pag.
1102 1468 1171 1496 349.

337 1534 507 1563 Frankenia
521 1533 661 1562 Nothria.
684 1533 793 1561 leunb.
808 1533 894 1561 Prod.
910 1543 979 1571 pag.
997 1533 1045 1561 58.
1063 1532 1125 1559 DC.
1143 1531 1230 1559 Prod.
1249 1531 1298 1559 vol.
1319 1532 1343 1557 1.
1360 1541 1429 1568 pag.
1446 1529 1513 1558 349.
1532 1528 1575 1556 Ex
1590 1528 1752 1566 specimine
1767 1527 1854 1557 herb.
1870 1528 1929 1556 DC.

336 1597 506 1626 Frankenia
520 1596 699 1635 thymisolia.
718 1596 820 1635 Desf..'
837 1596 913 1624 Flor.
929 1596 991 1624 Atl.
1007 1596 1062 1623 vol.
1080 1596 1106 1622 1.
1121 1605 1190 1633 pag.
1208 1594 1276 1623 316.

350 1676 436 1707 ΗΑΒ.
459 1674 619 1720 Legimus
638 1674 670 1706 in
685 1673 830 1707 coenosis
844 1673 1021 1706 maritimis
1036 1673 1151 1706 insulae
1169 1672 1334 1705 Canariae.

349 1749 508 1780 Disrmn.
539 1758 642 1779 enoc.
669 1746 720 1779 Ad
748 1746 860 1779 littora
879 1745 1036 1779 calidiora
1062 1745 1206 1778 marium
1225 1743 1337 1790 Caspii
1360 1750 1393 1777 et
1409 1742 1647 1776 Mediterranei
1665 1748 1698 1774 et
1722 1740 1764 1774 ad
1788 1752 1864 1774 oras
1882 1742 2005 1774 Oceani

300 1818 514 1853 occidentalis
531 1830 638 1863 usque
657 1818 689 1850 in
706 1817 922 1850 Britanniam.
946 1819 982 1849 In
1002 1816 1142 1850 desertis
1159 1814 1503 1862 Caspio-Caucasicis.
1526 1812 1644 1860 (Bieb.
1671 1812 1787 1847 Godet
1800 1812 1834 1858 J)
1851 1815 1888 1846 In
1909 1815 2008 1847 Grae-

300 1892 359 1925 cia.
383 1889 624 1937 (d’Ut-oillel)
647 1891 684 1922 In
709 1889 856 1935 Iapygia.
879 1887 1070 1934 (Tenere.)
1086 1889 1123 1920 In
1147 1887 1266 1932 Apulia
1290 1886 1332 1920 ad
1350 1886 1502 1919 Barium.
1524 1885 1681 1931 (Tenere
1699 1887 1737 1918 in
1754 1883 1855 1918 herb.
1877 1885 2008 1930 Gayl)

300 1966 336 1997 In
360 1963 467 1996 Sicilia
479 1987 488 2001 ,
512 1961 683 1995 Panormi!
710 1960 894 2006 Syracusis!
919 1961 937 1993 a
955 1961 1116 2006 Drepano
1134 1957 1176 1991 ad
1192 1958 1389 2004 Pachynum
1408 1959 1521 1991 Prom.
1540 1957 1741 2003 (Gzcssone.
1756 1957 1770 2003 >
1786 1959 1824 1990 In
1839 1957 2001 1991 Sardinia.

298 2034 484 2081 (Moris.)
504 2036 541 2067 In
559 2034 706 2068 Corsica.
728 2033 799 2079 (P.
824 2032 985 2066 Thomas
997 2034 1030 2077 J)
1056 2034 1093 2065 In
1115 2031 1273 2065 Numidia
1290 2030 1332 2064 ad
1350 2030 1474 2063 Juliam
1494 2031 1695 2063 Caesaream.
1715 2028 2003 2075 (Desfontaines.

299 2106 402 2153 DC.)
418 2109 454 2140 In
470 2107 577 2140 Gallia
595 2105 818 2148 meridionali,
831 2105 871 2139 ad
888 2104 1088 2150 Antipolim,
1103 2111 1136 2137 et
1150 2103 1305 2136 Olbiam!
1324 2103 1362 2134 In
1378 2103 1505 2135 Sanctae
1525 2101 1637 2134 Luciae
1654 2101 1871 2135 Stoechadum
1886 2102 2005 2135 insula.

300 2179 489 2226 (Requien.
509 2177 631 2226 Gayl)
649 2178 700 2212 Ad
716 2177 974 2211 Caucoliberim.
996 2175 1098 2221 (Gay
1110 2175 1142 2221 J)
1159 2176 1196 2207 In
1216 2174 1332 2207 insulis
1352 2173 1557 2207 Balearibus,
1574 2172 1880 2219 (Cambessecles.)
1897 2176 2008 2220 Prope

301 2252 510 2284 Taraconem
528 2252 534 2283 !

333 2334 394 2359 Ons.
412 2334 448 2357 Ex
464 2334 572 2364 partium
584 2333 689 2357 hirsutie
703 2332 753 2356 sola
767 2333 792 2356 in
804 2338 950 2363 quocunque
965 2338 1055 2361 genere
1068 2331 1197 2361 diagnoses
1212 2332 1311 2355 incertae
1327 2333 1432 2361 sumptae
1443 2349 1449 2359 ,
1465 2336 1510 2354 nec
1522 2336 1551 2354 ea
1564 2330 1665 2360 quidem
1680 2330 1754 2353 ullius
1764 2329 1789 2354 in
1801 2329 1942 2354 Frankenia
1953 2336 2009 2353 mo-

301 2392 387 2416 menti.
401 2391 548 2421 Synonymis
560 2391 672 2420 plurimis
682 2390 784 2420 adjectis
797 2392 898 2414 nomina
910 2390 1043 2414 Linnaenna
1056 2392 1080 2413 et
1090 2389 1264 2418 Candolleana,
1278 2388 1362 2413 formis
1374 2387 1481 2418 propriis
1491 2389 1559 2418 apta,
1573 2387 1663 2417 speciei
1675 2387 1777 2417 integrae
1789 2386 1860 2411 valde
1870 2389 2008 2418 impropria

300 2452 372 2478 sunt,
385 2455 523 2478 nomenque
538 2454 629 2471 novum
644 2454 688 2478 pro
700 2448 777 2478 stirpe
792 2447 965 2478 antiquissima
983 2448 1058 2471 invito
1073 2448 1155 2471 anirno
1170 2448 1262 2477 fingere
1275 2446 1436 2476 impellimur.
1453 2445 1508 2470 Huc
1518 2451 1625 2476 quoque,
1637 2445 1684 2469 nisi
1697 2445 1815 2475 fallimur,
1827 2446 1964 2470 revocanda
1979 2446 2007 2469 F.

301 2505 399 2535 hispida
413 2504 465 2529 DC.
488 2504 573 2534 planta
593 2505 713 2529 varietate
734 2504 881 2529 intermedia
895 2506 1007 2535 partibus
1022 2504 1137 2529 omnibus
1156 2504 1277 2528 hirsutior
1293 2505 1431 2534 majorque,
1447 2503 1517 2527 caule
1532 2509 1561 2527 ex
1577 2503 1644 2527 Flor.
1658 2503 1709 2527 Alt.
1721 2502 1769 2526 vol.
1783 2503 1807 2525 2.
1819 2509 1875 2532 pag.
1892 2504 1932 2527 54.
1950 2503 2010 2527 sub-

301 2566 392 2592 erecto,
408 2562 514 2593 quAcum
532 2561 666 2586 secundum
683 2563 713 2586 cl.
728 2562 756 2587 C.
774 2563 804 2587 A.
822 2562 908 2592 Meyer
921 2562 996 2586 VerZ.
1015 2562 1107 2587 Pssanz.
1128 2562 1205 2586 Caua.
1225 2568 1280 2592 pag.
1300 2563 1356 2585 198.
1374 2562 1481 2586 varietas
1495 2560 1511 2594 β
1525 2560 1650 2591 calycibus
1663 2560 1753 2590 glabris
1765 2560 1866 2584 confusa
1881 2559 1907 2584 in
1921 2559 2008 2585 littore

301 2620 390 2651 Caspio
413 2621 547 2649 invenitur,
566 2620 607 2644 sed
623 2620 679 2644 cum
699 2627 744 2644 nec
758 2620 839 2644 vivam'
855 2620 1057 2651 indigenamque,
1073 2627 1152 2651 neque
1164 2622 1257 2646 cultam
1272 2621 1392 2650 vidimus,
1405 2620 1519 2651 quamvis
1534 2620 1602 2644 nulla
1616 2626 1645 2643 ex
1660 2617 1774 2649 autopsia
1785 2618 1926 2649 speciminis
1940 2619 2006 2643 unici

301 2681 344 2701 aut
353 2678 443 2701 florum
453 2680 496 2701 aut
507 2678 600 2701 fruetus
615 2677 768 2707 differentia,
784 2678 864 2702 adhuc
875 2682 957 2702 tamen
972 2679 1016 2702 sub
1030 2679 1112 2708 judice
1128 2679 1286 2709 linquendam
1299 2685 1436 2703 censemus.
1454 2679 1476 2703 A
1490 2678 1570 2708 specie
1584 2676 1670 2701 nostra
1684 2677 1754 2701 caule
1769 2676 1899 2704 fruticoso.
1912 2680 2007 2703 erecto,

301 2735 451 2759 discernitur
462 2735 492 2759 F.
505 2736 616 2759 revoluta
626 2735 714 2759 Forsk.
727 2734 777 2767 qua
788 2735 864 2759 nihilo
879 2735 976 2759 diversa
986 2735 1015 2759 F.
1027 2737 1171 2766 corymbosa
1183 2736 1252 2761 Desr.
1270 2737 1473 2766 homonymaeque
1483 2735 1610 2760 hahendae.

342 2803 429 2832 Desc-
446 2803 525 2832 Rnu
539 2802 761 2839 fusco—rubeni,
775 2802 844 2841 pilis
858 2802 967 2832 albidis
980 2802 1122 2832 brevibus
1138 2803 1234 2841 pilosi.
1252 2804 1343 2832 Foru
1363 2803 1571 2840 vermiculata,
1586 2812 1710 2832 recurva
1721 2824 1728 2838 ,
1746 2802 1778 2830 in
1796 2801 2007 2840 speciminibus

303 2866 533 2896 Canariensibus
549 2867 656 2905 rigida,
671 2867 851 2904 acutissima,
868 2866 1011 2896 inferiora
1026 2867 1160 2897 breviter
1173 2867 1388 2906 pedunculata,
1407 2866 1586 2906 pedunculis
1598 2866 1668 2906 pilis
1687 2865 1762 2895 albis
1781 2864 1899 2902 ciliads,
1915 2875 2006 2903 supe—

303 2932 382 2960 riora
396 2931 516 2960 sessilia.
532 2931 556 2959 F
559 2942 645 2960 Lorii-:s
657 2930 695 2960 ad
709 2932 804 2969 apices
822 2941 976 2960 ramorum
990 2931 1146 2971 glomerati
1168 2932 1220 2960 1-3
1238 2931 1362 2960 sessiles.
1383 2931 1476 2960 cmx
1492 2932 1538 2977 1-1
1556 2930 1609 2960 lin.
1632 2930 1741 2970 longus
1752 2952 1761 2967 ,
1780 2928 1888 2959 badius
1898 2951 1906 2966 ‚
1925 2929 2005 2968 apice

304 2994 414 3031 fuscus,
427 2994 535 3024 foliolis
545 2995 652 3033 parum
665 2995 760 3031 tortis,
776 2994 844 3033 pilis
854 2994 941 3031 albis,
954 2994 1194 3032 ascendentibus,
1210 2994 1486 3035 strigoso-hispidis.
1509 2994 1624 3023 Pmnn
1644 2995 1662 3022 2
1676 2993 1730 3023 lin.
1742 2992 1840 3032 longa,
1855 2992 2010 3022 cuneifor—
