<?xml version="1.0" encoding="UTF-8"?>
<!DOCTYPE html PUBLIC "-//W3C//DTD XHTML 1.0 Transitional//EN"
    "http://www.w3.org/TR/xhtml1/DTD/xhtml1-transitional.dtd">
<html xmlns="http://www.w3.org/1999/xhtml" xml:lang="en" lang="en">
 <head>
  <title>
</title>
<meta http-equiv="Content-Type" content="text/html;charset=utf-8" />
  <meta name='ocr-system' content='tesseract 3.04.00' />
  <meta name='ocr-capabilities' content='ocr_page ocr_carea ocr_par ocr_line ocrx_word'/>
</head>
<body>
  <div class='ocr_page' id='page_1' title='image "./phytographiacana111836webb_0173.png"; bbox 0 0 2541 3936; ppageno 0'>
   <div class='ocr_carea' id='block_1_1' title="bbox 1080 485 1249 531">
    <p class='ocr_par' dir='ltr' id='par_1_1' title="bbox 1080 485 1249 531">
     <span class='ocr_line' id='line_1_1' title="bbox 1080 485 1249 531; baseline 0 -7"><span class='ocrx_word' id='word_1_1' title='bbox 1080 485 1249 531; x_wconf 83' lang='lat'>(161)</span> 
     </span>
    </p>
   </div>
   <div class='ocr_carea' id='block_1_2' title="bbox 298 575 2018 697">
    <p class='ocr_par' dir='ltr' id='par_1_2' title="bbox 298 575 2018 697">
     <span class='ocr_line' id='line_1_2' title="bbox 348 575 2016 624; baseline 0.001 -14"><span class='ocrx_word' id='word_1_2' title='bbox 348 579 430 610; x_wconf 74' lang='grc' dir='ltr'><strong>ΗΑΒ.</strong></span> <span class='ocrx_word' id='word_1_3' title='bbox 454 578 491 611; x_wconf 93' lang='lat' dir='ltr'>In</span> <span class='ocrx_word' id='word_1_4' title='bbox 512 577 655 623; x_wconf 84' lang='lat' dir='ltr'>rupibus</span> <span class='ocrx_word' id='word_1_5' title='bbox 673 576 765 610; x_wconf 88' lang='lat' dir='ltr'>siccis</span> <span class='ocrx_word' id='word_1_6' title='bbox 785 575 989 610; x_wconf 79' lang='lat' dir='ltr'>convallium</span> <span class='ocrx_word' id='word_1_7' title='bbox 1009 576 1126 610; x_wconf 82' lang='lat' dir='ltr'>insulae</span> <span class='ocrx_word' id='word_1_8' title='bbox 1143 576 1267 610; x_wconf 83' lang='lat' dir='ltr'>Palmae</span> <span class='ocrx_word' id='word_1_9' title='bbox 1283 578 1300 609; x_wconf 70' lang='lat' dir='ltr'>a</span> <span class='ocrx_word' id='word_1_10' title='bbox 1322 575 1391 610; x_wconf 84' lang='grc'>300</span> <span class='ocrx_word' id='word_1_11' title='bbox 1409 576 1450 610; x_wconf 87' lang='lat' dir='ltr'>ad</span> <span class='ocrx_word' id='word_1_12' title='bbox 1470 575 1564 610; x_wconf 85' lang='lat'>3000</span> <span class='ocrx_word' id='word_1_13' title='bbox 1584 576 1686 624; x_wconf 88' lang='lat' dir='ltr'>pedes</span> <span class='ocrx_word' id='word_1_14' title='bbox 1709 589 1809 624; x_wconf 84' lang='lat' dir='ltr'>super</span> <span class='ocrx_word' id='word_1_15' title='bbox 1828 579 2016 612; x_wconf 85' lang='lat' dir='ltr'><strong>Oceanum.</strong></span> 
     </span>
     <span class='ocr_line' id='line_1_3' title="bbox 298 648 2018 697; baseline 0.001 -15"><span class='ocrx_word' id='word_1_16' title='bbox 298 649 462 695; x_wconf 84' lang='lat' dir='ltr'><strong>Legimus</strong></span> <span class='ocrx_word' id='word_1_17' title='bbox 480 650 741 696; x_wconf 81' lang='lat' dir='ltr'>copiosissimam</span> <span class='ocrx_word' id='word_1_18' title='bbox 755 650 787 683; x_wconf 90' lang='lat' dir='ltr'>in</span> <span class='ocrx_word' id='word_1_19' title='bbox 802 650 953 684; x_wconf 87' lang='lat' dir='ltr'>convalle</span> <span class='ocrx_word' id='word_1_20' title='bbox 972 648 1031 683; x_wconf 80' lang='lat' dir='ltr'>del</span> <span class='ocrx_word' id='word_1_21' title='bbox 1046 651 1103 683; x_wconf 81' lang='lat' dir='ltr'>rio</span> <span class='ocrx_word' id='word_1_22' title='bbox 1118 660 1225 695; x_wconf 90' lang='lat' dir='ltr'>prope</span> <span class='ocrx_word' id='word_1_23' title='bbox 1243 648 1409 696; x_wconf 89' lang='lat' dir='ltr'>oppidum</span> <span class='ocrx_word' id='word_1_24' title='bbox 1427 651 1745 683; x_wconf 83' lang='lat' dir='ltr'>Sanctam-Crucem</span> <span class='ocrx_word' id='word_1_25' title='bbox 1764 658 1797 684; x_wconf 87' lang='lat' dir='ltr'>et</span> <span class='ocrx_word' id='word_1_26' title='bbox 1813 650 1905 684; x_wconf 85' lang='lat' dir='ltr'>alibi.</span> <span class='ocrx_word' id='word_1_27' title='bbox 1921 651 2018 697; x_wconf 85' lang='lat' dir='ltr'>Legit</span> 
     </span>
    </p>
   </div>
   <div class='ocr_carea' id='block_1_3' title="bbox 299 719 2015 770">
    <p class='ocr_par' dir='ltr' id='par_1_3' title="bbox 299 719 2015 770">
     <span class='ocr_line' id='line_1_4' title="bbox 299 719 2015 770; baseline 0.001 -15"><span class='ocrx_word' id='word_1_28' title='bbox 299 722 461 756; x_wconf 85' lang='lat' dir='ltr'>Smithius</span> <span class='ocrx_word' id='word_1_29' title='bbox 476 723 507 756; x_wconf 92' lang='lat' dir='ltr'>in</span> <span class='ocrx_word' id='word_1_30' title='bbox 524 722 667 769; x_wconf 86' lang='lat' dir='ltr'>rupibus</span> <span class='ocrx_word' id='word_1_31' title='bbox 679 721 921 756; x_wconf 82' lang='lat' dir='ltr'>excelsioribus</span> <span class='ocrx_word' id='word_1_32' title='bbox 933 719 1238 767; x_wconf 75' lang='lat' dir='ltr'>insulae(Cumb1·e</span> <span class='ocrx_word' id='word_1_33' title='bbox 1259 720 1301 755; x_wconf 83' lang='lat' dir='ltr'>de</span> <span class='ocrx_word' id='word_1_34' title='bbox 1317 721 1354 755; x_wconf 83' lang='lat' dir='ltr'>la</span> <span class='ocrx_word' id='word_1_35' title='bbox 1378 720 1569 768; x_wconf 72' lang='lat' dir='ltr'>Caldemz),</span> <span class='ocrx_word' id='word_1_36' title='bbox 1586 734 1654 756; x_wconf 91' lang='lat' dir='ltr'>non</span> <span class='ocrx_word' id='word_1_37' title='bbox 1680 722 1781 770; x_wconf 83' lang='lat' dir='ltr'>longe</span> <span class='ocrx_word' id='word_1_38' title='bbox 1795 723 1839 756; x_wconf 92' lang='lat' dir='ltr'>ab</span> <span class='ocrx_word' id='word_1_39' title='bbox 1852 723 2015 769; x_wconf 74' lang='lat' dir='ltr'>Argual.</span> 
     </span>
    </p>
   </div>
   <div class='ocr_carea' id='block_1_4' title="bbox 293 795 2021 1549">
    <p class='ocr_par' dir='ltr' id='par_1_4' title="bbox 346 795 998 841">
     <span class='ocr_line' id='line_1_5' title="bbox 346 795 998 841; baseline -0.005 -11"><span class='ocrx_word' id='word_1_40' title='bbox 346 798 501 830; x_wconf 67' lang='lat' dir='ltr'>Disrmn.</span> <span class='ocrx_word' id='word_1_41' title='bbox 525 807 630 829; x_wconf 80' lang='lat' dir='ltr'>GEOG.</span> <span class='ocrx_word' id='word_1_42' title='bbox 653 796 788 841; x_wconf 80' lang='lat' dir='ltr'>Species</span> <span class='ocrx_word' id='word_1_43' title='bbox 803 795 998 828; x_wconf 81' lang='lat' dir='ltr'>Palmensis.</span> 
     </span>
    </p>

    <p class='ocr_par' dir='ltr' id='par_1_5' title="bbox 293 866 2021 1549">
     <span class='ocr_line' id='line_1_6' title="bbox 336 866 2017 906; baseline 0.002 -11"><span class='ocrx_word' id='word_1_44' title='bbox 336 867 422 896; x_wconf 71' lang='lat' dir='ltr'>Dizsc.</span> <span class='ocrx_word' id='word_1_45' title='bbox 444 866 540 895; x_wconf 58' lang='lat' dir='ltr'>Ramx</span> <span class='ocrx_word' id='word_1_46' title='bbox 558 866 692 906; x_wconf 74' lang='lat' dir='ltr'>lignosus</span> <span class='ocrx_word' id='word_1_47' title='bbox 710 868 819 896; x_wconf 84' lang='lat' dir='ltr'>cortice</span> <span class='ocrx_word' id='word_1_48' title='bbox 836 867 931 895; x_wconf 85' lang='lat' dir='ltr'>fusco.</span> <span class='ocrx_word' id='word_1_49' title='bbox 949 866 1063 895; x_wconf 80' lang='lat' dir='ltr'>CAULES</span> <span class='ocrx_word' id='word_1_50' title='bbox 1086 866 1193 905; x_wconf 82' lang='lat' dir='ltr'>lignosi</span> <span class='ocrx_word' id='word_1_51' title='bbox 1212 867 1403 895; x_wconf 88' lang='lat' dir='ltr'>erectiusculi</span> <span class='ocrx_word' id='word_1_52' title='bbox 1427 874 1480 895; x_wconf 89' lang='lat' dir='ltr'>aut</span> <span class='ocrx_word' id='word_1_53' title='bbox 1499 868 1732 904; x_wconf 70' lang='lat' dir='ltr'>decumbentes,</span> <span class='ocrx_word' id='word_1_54' title='bbox 1755 870 1890 906; x_wconf 85' lang='lat' dir='ltr'>juniores</span> <span class='ocrx_word' id='word_1_55' title='bbox 1910 881 2017 899; x_wconf 85' lang='lat' dir='ltr'>nume-</span> 
     </span>
     <span class='ocr_line' id='line_1_7' title="bbox 295 930 2015 973; baseline 0.002 -13"><span class='ocrx_word' id='word_1_56' title='bbox 295 932 440 960; x_wconf 81' lang='lat' dir='ltr'>rosissimi</span> <span class='ocrx_word' id='word_1_57' title='bbox 451 954 458 967; x_wconf 92' lang='lat'>,</span> <span class='ocrx_word' id='word_1_58' title='bbox 471 937 578 960; x_wconf 84' lang='lat' dir='ltr'>teretes</span> <span class='ocrx_word' id='word_1_59' title='bbox 588 954 595 967; x_wconf 90' lang='lat'>‚</span> <span class='ocrx_word' id='word_1_60' title='bbox 612 931 706 970; x_wconf 82' lang='lat' dir='ltr'>glabri</span> <span class='ocrx_word' id='word_1_61' title='bbox 717 954 724 965; x_wconf 91' lang='lat'>‚</span> <span class='ocrx_word' id='word_1_62' title='bbox 742 931 863 966; x_wconf 91' lang='lat' dir='ltr'>virides,</span> <span class='ocrx_word' id='word_1_63' title='bbox 875 931 914 959; x_wconf 91' lang='lat' dir='ltr'>ad</span> <span class='ocrx_word' id='word_1_64' title='bbox 928 930 1071 959; x_wconf 85' lang='lat' dir='ltr'>articulos</span> <span class='ocrx_word' id='word_1_65' title='bbox 1082 930 1190 968; x_wconf 78' lang='lat' dir='ltr'>parum</span> <span class='ocrx_word' id='word_1_66' title='bbox 1206 930 1323 960; x_wconf 89' lang='lat' dir='ltr'>nodosi.</span> <span class='ocrx_word' id='word_1_67' title='bbox 1336 930 1428 959; x_wconf 70' lang='lat' dir='ltr'>FomA</span> <span class='ocrx_word' id='word_1_68' title='bbox 1440 932 1582 962; x_wconf 85' lang='lat' dir='ltr'>inferiora</span> <span class='ocrx_word' id='word_1_69' title='bbox 1593 943 1663 961; x_wconf 88' lang='lat' dir='ltr'>sena</span> <span class='ocrx_word' id='word_1_70' title='bbox 1672 956 1679 969; x_wconf 80' lang='lat'>‚</span> <span class='ocrx_word' id='word_1_71' title='bbox 1692 935 1847 972; x_wconf 81' lang='lat' dir='ltr'>superiora</span> <span class='ocrx_word' id='word_1_72' title='bbox 1860 936 1997 973; x_wconf 88' lang='lat' dir='ltr'>opposita</span> <span class='ocrx_word' id='word_1_73' title='bbox 2010 958 2015 967; x_wconf 82' lang='grc'>,</span> 
     </span>
     <span class='ocr_line' id='line_1_8' title="bbox 297 993 2017 1034; baseline 0.003 -11"><span class='ocrx_word' id='word_1_74' title='bbox 297 996 538 1025; x_wconf 88' lang='lat' dir='ltr'>internodiorum</span> <span class='ocrx_word' id='word_1_75' title='bbox 556 994 747 1034; x_wconf 84' lang='lat' dir='ltr'>longitudine</span> <span class='ocrx_word' id='word_1_76' title='bbox 757 1017 764 1030; x_wconf 86' lang='lat'>,</span> <span class='ocrx_word' id='word_1_77' title='bbox 778 994 900 1023; x_wconf 82' lang='lat' dir='ltr'>linearia</span> <span class='ocrx_word' id='word_1_78' title='bbox 910 1017 917 1030; x_wconf 89' lang='lat'>,</span> <span class='ocrx_word' id='word_1_79' title='bbox 933 993 1259 1030; x_wconf 75' lang='lat' dir='ltr'>lanceolam-linearia,</span> <span class='ocrx_word' id='word_1_80' title='bbox 1275 1000 1328 1023; x_wconf 84' lang='lat' dir='ltr'>aut</span> <span class='ocrx_word' id='word_1_81' title='bbox 1342 994 1589 1033; x_wconf 85' lang='lat' dir='ltr'>subspathulata,</span> <span class='ocrx_word' id='word_1_82' title='bbox 1610 996 1693 1025; x_wconf 80' lang='lat' dir='ltr'>laevia</span> <span class='ocrx_word' id='word_1_83' title='bbox 1706 1020 1713 1033; x_wconf 90' lang='lat'>,</span> <span class='ocrx_word' id='word_1_84' title='bbox 1732 1008 1853 1027; x_wconf 86' lang='lat' dir='ltr'>carnosa</span> <span class='ocrx_word' id='word_1_85' title='bbox 1866 1022 1873 1034; x_wconf 85' lang='lat'><strong><em>‚</em></strong></span> <span class='ocrx_word' id='word_1_86' title='bbox 1889 999 1997 1028; x_wconf 77' lang='lat' dir='ltr'>viridia</span> <span class='ocrx_word' id='word_1_87' title='bbox 2011 1022 2017 1028; x_wconf 83' lang='lat'>.</span> 
     </span>
     <span class='ocr_line' id='line_1_9' title="bbox 295 1057 2021 1101; baseline 0.002 -13"><span class='ocrx_word' id='word_1_88' title='bbox 295 1060 359 1088; x_wconf 88' lang='lat' dir='ltr'>basi</span> <span class='ocrx_word' id='word_1_89' title='bbox 373 1066 528 1089; x_wconf 87' lang='lat' dir='ltr'>attenuata</span> <span class='ocrx_word' id='word_1_90' title='bbox 540 1081 547 1095; x_wconf 94' lang='lat'><strong>‚</strong></span> <span class='ocrx_word' id='word_1_91' title='bbox 558 1059 642 1097; x_wconf 86' lang='lat' dir='ltr'>apice</span> <span class='ocrx_word' id='word_1_92' title='bbox 655 1058 763 1087; x_wconf 89' lang='lat' dir='ltr'>obtusa</span> <span class='ocrx_word' id='word_1_93' title='bbox 776 1081 783 1094; x_wconf 91' lang='lat'>‚</span> <span class='ocrx_word' id='word_1_94' title='bbox 799 1057 920 1097; x_wconf 89' lang='lat' dir='ltr'>stipulis</span> <span class='ocrx_word' id='word_1_95' title='bbox 935 1059 1085 1095; x_wconf 83' lang='lat' dir='ltr'>seariosis,</span> <span class='ocrx_word' id='word_1_96' title='bbox 1100 1059 1247 1088; x_wconf 86' lang='lat' dir='ltr'>minimis.</span> <span class='ocrx_word' id='word_1_97' title='bbox 1261 1059 1376 1089; x_wconf 69' lang='lat' dir='ltr'>Ftoiuzs</span> <span class='ocrx_word' id='word_1_98' title='bbox 1386 1062 1422 1089; x_wconf 90' lang='lat' dir='ltr'>ad</span> <span class='ocrx_word' id='word_1_99' title='bbox 1435 1061 1551 1099; x_wconf 84' lang='lat' dir='ltr'>apicem</span> <span class='ocrx_word' id='word_1_100' title='bbox 1563 1072 1719 1090; x_wconf 85' lang='lat' dir='ltr'>ramorum</span> <span class='ocrx_word' id='word_1_101' title='bbox 1735 1062 1899 1100; x_wconf 89' lang='lat' dir='ltr'>paniculati</span> <span class='ocrx_word' id='word_1_102' title='bbox 1912 1085 1920 1099; x_wconf 90' lang='lat'>,</span> <span class='ocrx_word' id='word_1_103' title='bbox 1932 1064 2021 1101; x_wconf 86' lang='lat' dir='ltr'>pani-</span> 
     </span>
     <span class='ocr_line' id='line_1_10' title="bbox 295 1121 2017 1162; baseline 0.002 -11"><span class='ocrx_word' id='word_1_104' title='bbox 295 1123 369 1152; x_wconf 85' lang='lat' dir='ltr'>culis</span> <span class='ocrx_word' id='word_1_105' title='bbox 380 1121 759 1151; x_wconf 87' lang='lat' dir='ltr'>divaricato—dichotomis.</span> <span class='ocrx_word' id='word_1_106' title='bbox 776 1121 917 1150; x_wconf 71' lang='lat' dir='ltr'>BnAcTEAE</span> <span class='ocrx_word' id='word_1_107' title='bbox 928 1121 1041 1151; x_wconf 82' lang='lat' dir='ltr'>foliolis</span> <span class='ocrx_word' id='word_1_108' title='bbox 1057 1122 1199 1161; x_wconf 83' lang='lat' dir='ltr'>calycinis</span> <span class='ocrx_word' id='word_1_109' title='bbox 1213 1122 1375 1153; x_wconf 85' lang='lat' dir='ltr'>breviores.</span> <span class='ocrx_word' id='word_1_110' title='bbox 1390 1124 1483 1153; x_wconf 71' lang='lat' dir='ltr'>CAva</span> <span class='ocrx_word' id='word_1_111' title='bbox 1498 1124 1697 1162; x_wconf 75' lang='lat' dir='ltr'>5-soliolatus,</span> <span class='ocrx_word' id='word_1_112' title='bbox 1710 1125 1821 1155; x_wconf 84' lang='lat' dir='ltr'>foliolis</span> <span class='ocrx_word' id='word_1_113' title='bbox 1833 1126 2017 1156; x_wconf 84' lang='lat' dir='ltr'>lanceolatis.</span> 
     </span>
     <span class='ocr_line' id='line_1_11' title="bbox 294 1186 2016 1229; baseline 0.003 -14"><span class='ocrx_word' id='word_1_114' title='bbox 294 1188 405 1223; x_wconf 87' lang='lat' dir='ltr'>acutis,</span> <span class='ocrx_word' id='word_1_115' title='bbox 429 1188 541 1216; x_wconf 88' lang='lat' dir='ltr'>striatis</span> <span class='ocrx_word' id='word_1_116' title='bbox 552 1209 559 1222; x_wconf 87' lang='lat'><strong>‚</strong></span> <span class='ocrx_word' id='word_1_117' title='bbox 576 1186 688 1226; x_wconf 81' lang='lat' dir='ltr'>glabris</span> <span class='ocrx_word' id='word_1_118' title='bbox 698 1209 705 1223; x_wconf 88' lang='lat'><strong><em>‚</em></strong></span> <span class='ocrx_word' id='word_1_119' title='bbox 726 1188 860 1226; x_wconf 79' lang='lat' dir='ltr'>margine</span> <span class='ocrx_word' id='word_1_120' title='bbox 874 1187 1009 1216; x_wconf 80' lang='lat' dir='ltr'>scariosis</span> <span class='ocrx_word' id='word_1_121' title='bbox 1017 1209 1026 1223; x_wconf 86' lang='lat'>‚</span> <span class='ocrx_word' id='word_1_122' title='bbox 1042 1187 1107 1217; x_wconf 87' lang='lat' dir='ltr'>basi</span> <span class='ocrx_word' id='word_1_123' title='bbox 1122 1186 1270 1227; x_wconf 83' lang='lat' dir='ltr'>lanigeris.</span> <span class='ocrx_word' id='word_1_124' title='bbox 1289 1187 1404 1218; x_wconf 65' lang='lat' dir='ltr'>Panna</span> <span class='ocrx_word' id='word_1_125' title='bbox 1418 1188 1583 1219; x_wconf 84' lang='lat' dir='ltr'>lanceolata</span> <span class='ocrx_word' id='word_1_126' title='bbox 1594 1212 1601 1226; x_wconf 88' lang='lat'>‚</span> <span class='ocrx_word' id='word_1_127' title='bbox 1619 1191 1703 1229; x_wconf 85' lang='lat' dir='ltr'>apice</span> <span class='ocrx_word' id='word_1_128' title='bbox 1723 1191 1844 1227; x_wconf 83' lang='lat' dir='ltr'>obtusa,</span> <span class='ocrx_word' id='word_1_129' title='bbox 1859 1191 1998 1221; x_wconf 84' lang='lat' dir='ltr'>subfusca</span> <span class='ocrx_word' id='word_1_130' title='bbox 2010 1214 2016 1222; x_wconf 76' lang='lat'>.</span> 
     </span>
     <span class='ocr_line' id='line_1_12' title="bbox 294 1251 2014 1292; baseline 0.003 -13"><span class='ocrx_word' id='word_1_131' title='bbox 294 1251 585 1289; x_wconf 86' lang='lat' dir='ltr'>reticulato-hyalina</span> <span class='ocrx_word' id='word_1_132' title='bbox 596 1273 602 1285; x_wconf 79' lang='lat'>‚</span> <span class='ocrx_word' id='word_1_133' title='bbox 619 1253 649 1279; x_wconf 89' lang='lat' dir='ltr'>in</span> <span class='ocrx_word' id='word_1_134' title='bbox 665 1251 821 1280; x_wconf 88' lang='lat' dir='ltr'>urceolum</span> <span class='ocrx_word' id='word_1_135' title='bbox 835 1251 1158 1281; x_wconf 85' lang='lat' dir='ltr'>infundibulisormem</span> <span class='ocrx_word' id='word_1_136' title='bbox 1177 1263 1247 1281; x_wconf 89' lang='lat' dir='ltr'>cum</span> <span class='ocrx_word' id='word_1_137' title='bbox 1262 1251 1360 1291; x_wconf 84' lang='lat' dir='ltr'>calyce</span> <span class='ocrx_word' id='word_1_138' title='bbox 1371 1260 1508 1282; x_wconf 88' lang='lat' dir='ltr'>concreta</span> <span class='ocrx_word' id='word_1_139' title='bbox 1534 1253 1663 1282; x_wconf 67' lang='lat' dir='ltr'>Surum</span> <span class='ocrx_word' id='word_1_140' title='bbox 1679 1254 1787 1292; x_wconf 88' lang='lat' dir='ltr'>petalis</span> <span class='ocrx_word' id='word_1_141' title='bbox 1799 1255 1996 1285; x_wconf 83' lang='lat' dir='ltr'>subbreviora</span> <span class='ocrx_word' id='word_1_142' title='bbox 2008 1278 2014 1287; x_wconf 84' lang='grc'>,</span> 
     </span>
     <span class='ocr_line' id='line_1_13' title="bbox 293 1316 2015 1357; baseline 0.002 -12"><span class='ocrx_word' id='word_1_143' title='bbox 293 1316 455 1345; x_wconf 87' lang='lat' dir='ltr'>filamentis</span> <span class='ocrx_word' id='word_1_144' title='bbox 470 1316 663 1345; x_wconf 86' lang='lat' dir='ltr'>fllisormibus</span> <span class='ocrx_word' id='word_1_145' title='bbox 677 1316 771 1352; x_wconf 87' lang='lat' dir='ltr'>albis,</span> <span class='ocrx_word' id='word_1_146' title='bbox 793 1316 929 1346; x_wconf 87' lang='lat' dir='ltr'>antheris</span> <span class='ocrx_word' id='word_1_147' title='bbox 949 1317 1201 1355; x_wconf 83' lang='lat' dir='ltr'>elongato-ovatis</span> <span class='ocrx_word' id='word_1_148' title='bbox 1211 1340 1218 1353; x_wconf 91' lang='lat'>,</span> <span class='ocrx_word' id='word_1_149' title='bbox 1239 1316 1350 1346; x_wconf 84' lang='lat' dir='ltr'>foliolis</span> <span class='ocrx_word' id='word_1_150' title='bbox 1365 1316 1505 1356; x_wconf 80' lang='lat' dir='ltr'>calycinis</span> <span class='ocrx_word' id='word_1_151' title='bbox 1520 1318 1658 1356; x_wconf 88' lang='lat' dir='ltr'>opposita</span> <span class='ocrx_word' id='word_1_152' title='bbox 1668 1340 1676 1353; x_wconf 81' lang='grc'><em>,</em></span> <span class='ocrx_word' id='word_1_153' title='bbox 1692 1318 1844 1357; x_wconf 80' lang='lat' dir='ltr'>glandulis</span> <span class='ocrx_word' id='word_1_154' title='bbox 1862 1320 1880 1347; x_wconf 89' lang='lat'>5</span> <span class='ocrx_word' id='word_1_155' title='bbox 1896 1320 1995 1357; x_wconf 88' lang='lat' dir='ltr'>parvis</span> <span class='ocrx_word' id='word_1_156' title='bbox 2009 1343 2015 1350; x_wconf 83' lang='grc'>,</span> 
     </span>
     <span class='ocr_line' id='line_1_14' title="bbox 293 1380 2015 1421; baseline 0.002 -12"><span class='ocrx_word' id='word_1_157' title='bbox 293 1382 405 1417; x_wconf 82' lang='lat' dir='ltr'>ovatis‚</span> <span class='ocrx_word' id='word_1_158' title='bbox 427 1381 628 1417; x_wconf 85' lang='lat' dir='ltr'>(staminibus</span> <span class='ocrx_word' id='word_1_159' title='bbox 656 1381 837 1421; x_wconf 85' lang='lat' dir='ltr'>abortivis,)</span> <span class='ocrx_word' id='word_1_160' title='bbox 868 1381 974 1420; x_wconf 86' lang='lat' dir='ltr'>petalis</span> <span class='ocrx_word' id='word_1_161' title='bbox 1003 1381 1149 1419; x_wconf 89' lang='lat' dir='ltr'>oppositis</span> <span class='ocrx_word' id='word_1_162' title='bbox 1176 1380 1368 1410; x_wconf 84' lang='lat' dir='ltr'>alternantia.</span> <span class='ocrx_word' id='word_1_163' title='bbox 1400 1380 1537 1410; x_wconf 64' lang='lat' dir='ltr'>Ovmumu</span> <span class='ocrx_word' id='word_1_164' title='bbox 1563 1383 1825 1421; x_wconf 76' lang='lat' dir='ltr'>ovato-trigonum</span> <span class='ocrx_word' id='word_1_165' title='bbox 1837 1405 1844 1419; x_wconf 84' lang='lat'><em>‚</em></span> <span class='ocrx_word' id='word_1_166' title='bbox 1878 1383 1996 1412; x_wconf 78' lang='lat' dir='ltr'>fuscum</span> <span class='ocrx_word' id='word_1_167' title='bbox 2010 1407 2015 1412; x_wconf 79' lang='grc'>,</span> 
     </span>
     <span class='ocr_line' id='line_1_15' title="bbox 294 1444 2015 1485; baseline 0.001 -11"><span class='ocrx_word' id='word_1_168' title='bbox 294 1445 425 1474; x_wconf 83' lang='lat' dir='ltr'>breviter</span> <span class='ocrx_word' id='word_1_169' title='bbox 439 1447 612 1484; x_wconf 82' lang='lat' dir='ltr'>stipitatum</span> <span class='ocrx_word' id='word_1_170' title='bbox 624 1469 631 1482; x_wconf 84' lang='lat'><strong><em>‚</em></strong></span> <span class='ocrx_word' id='word_1_171' title='bbox 648 1445 724 1485; x_wconf 82' lang='lat' dir='ltr'>stylo</span> <span class='ocrx_word' id='word_1_172' title='bbox 740 1445 921 1474; x_wconf 81' lang='lat' dir='ltr'>subbrevius</span> <span class='ocrx_word' id='word_1_173' title='bbox 933 1467 940 1481; x_wconf 91' lang='lat'>,</span> <span class='ocrx_word' id='word_1_174' title='bbox 957 1446 1098 1483; x_wconf 86' lang='lat' dir='ltr'>stigmate</span> <span class='ocrx_word' id='word_1_175' title='bbox 1113 1444 1243 1482; x_wconf 83' lang='lat' dir='ltr'>capitato</span> <span class='ocrx_word' id='word_1_176' title='bbox 1255 1466 1262 1480; x_wconf 91' lang='lat'>,</span> <span class='ocrx_word' id='word_1_177' title='bbox 1281 1454 1393 1481; x_wconf 79' lang='lat' dir='ltr'>craSSO,</span> <span class='ocrx_word' id='word_1_178' title='bbox 1409 1444 1534 1473; x_wconf 79' lang='lat' dir='ltr'>obscure</span> <span class='ocrx_word' id='word_1_179' title='bbox 1548 1445 1641 1474; x_wconf 88' lang='lat' dir='ltr'>bifido</span> <span class='ocrx_word' id='word_1_180' title='bbox 1652 1468 1660 1481; x_wconf 91' lang='lat'><strong>‚</strong></span> <span class='ocrx_word' id='word_1_181' title='bbox 1676 1446 1814 1484; x_wconf 71' lang='lat' dir='ltr'>placenta</span> <span class='ocrx_word' id='word_1_182' title='bbox 1827 1446 2015 1481; x_wconf 65' lang='lat' dir='ltr'>brevissima,</span> 
     </span>
     <span class='ocr_line' id='line_1_16' title="bbox 293 1507 2015 1549; baseline 0.001 -11"><span class='ocrx_word' id='word_1_183' title='bbox 293 1509 391 1538; x_wconf 91' lang='lat' dir='ltr'>ovulis</span> <span class='ocrx_word' id='word_1_184' title='bbox 408 1508 549 1547; x_wconf 85' lang='lat' dir='ltr'>plurimis</span> <span class='ocrx_word' id='word_1_185' title='bbox 562 1507 707 1538; x_wconf 79' lang='lat' dir='ltr'>funiculis</span> <span class='ocrx_word' id='word_1_186' title='bbox 727 1509 870 1538; x_wconf 85' lang='lat' dir='ltr'>brevibus</span> <span class='ocrx_word' id='word_1_187' title='bbox 887 1508 1015 1539; x_wconf 87' lang='lat' dir='ltr'>adnatis.</span> <span class='ocrx_word' id='word_1_188' title='bbox 1033 1508 1161 1537; x_wconf 53' lang='lat' dir='ltr'>Casum</span> <span class='ocrx_word' id='word_1_189' title='bbox 1177 1507 1434 1547; x_wconf 83' lang='lat' dir='ltr'>elongato-ovata.</span> <span class='ocrx_word' id='word_1_190' title='bbox 1455 1512 1567 1539; x_wconf 61' lang='lat' dir='ltr'>Sinum</span> <span class='ocrx_word' id='word_1_191' title='bbox 1585 1510 1717 1547; x_wconf 88' lang='lat' dir='ltr'>plurima</span> <span class='ocrx_word' id='word_1_192' title='bbox 1728 1533 1735 1545; x_wconf 84' lang='lat'>‚</span> <span class='ocrx_word' id='word_1_193' title='bbox 1752 1510 1995 1549; x_wconf 82' lang='lat' dir='ltr'>elongato-ovata</span> <span class='ocrx_word' id='word_1_194' title='bbox 2008 1535 2015 1548; x_wconf 93' lang='lat'>‚</span> 
     </span>
    </p>
   </div>
   <div class='ocr_carea' id='block_1_5' title="bbox 293 1570 2018 1613">
    <p class='ocr_par' dir='ltr' id='par_1_6' title="bbox 293 1570 2018 1613">
     <span class='ocr_line' id='line_1_17' title="bbox 293 1570 2018 1613; baseline 0.002 -13"><span class='ocrx_word' id='word_1_195' title='bbox 293 1570 494 1607; x_wconf 79' lang='lat' dir='ltr'>fusco-lutea,</span> <span class='ocrx_word' id='word_1_196' title='bbox 510 1570 847 1609; x_wconf 75' lang='lat' dir='ltr'>lineari-puncticulata.</span> <span class='ocrx_word' id='word_1_197' title='bbox 867 1571 983 1600; x_wconf 73' lang='lat' dir='ltr'>EMBRro</span> <span class='ocrx_word' id='word_1_198' title='bbox 1000 1571 1101 1601; x_wconf 88' lang='lat' dir='ltr'>brevis</span> <span class='ocrx_word' id='word_1_199' title='bbox 1111 1595 1119 1608; x_wconf 91' lang='lat'>,</span> <span class='ocrx_word' id='word_1_200' title='bbox 1136 1572 1245 1602; x_wconf 84' lang='lat' dir='ltr'>leviter</span> <span class='ocrx_word' id='word_1_201' title='bbox 1260 1574 1404 1602; x_wconf 83' lang='lat' dir='ltr'>incurvus</span> <span class='ocrx_word' id='word_1_202' title='bbox 1416 1596 1424 1610; x_wconf 87' lang='lat'><strong><em>,</em></strong></span> <span class='ocrx_word' id='word_1_203' title='bbox 1434 1572 1665 1612; x_wconf 84' lang='lat' dir='ltr'>cotyledonibus</span> <span class='ocrx_word' id='word_1_204' title='bbox 1682 1575 1780 1603; x_wconf 84' lang='lat' dir='ltr'>ovatis</span> <span class='ocrx_word' id='word_1_205' title='bbox 1790 1596 1797 1610; x_wconf 88' lang='lat'><strong>‚</strong></span> <span class='ocrx_word' id='word_1_206' title='bbox 1815 1575 1898 1613; x_wconf 89' lang='lat' dir='ltr'>apice</span> <span class='ocrx_word' id='word_1_207' title='bbox 1913 1583 2018 1604; x_wconf 88' lang='lat' dir='ltr'>rotun-</span> 
     </span>
    </p>
   </div>
   <div class='ocr_carea' id='block_1_6' title="bbox 290 1636 2017 1911">
    <p class='ocr_par' dir='ltr' id='par_1_7' title="bbox 292 1636 379 1665">
     <span class='ocr_line' id='line_1_18' title="bbox 292 1636 379 1665; baseline -0.011 -1"><span class='ocrx_word' id='word_1_208' title='bbox 292 1636 379 1665; x_wconf 81' lang='lat' dir='ltr'>datis.</span> 
     </span>
    </p>

    <p class='ocr_par' dir='ltr' id='par_1_8' title="bbox 290 1700 2017 1911">
     <span class='ocr_line' id='line_1_19' title="bbox 325 1700 2017 1738; baseline 0.004 -13"><span class='ocrx_word' id='word_1_209' title='bbox 325 1700 385 1725; x_wconf 74' lang='lat' dir='ltr'>Oss.</span> <span class='ocrx_word' id='word_1_210' title='bbox 403 1701 461 1726; x_wconf 80' lang='lat' dir='ltr'>Haec</span> <span class='ocrx_word' id='word_1_211' title='bbox 476 1702 569 1732; x_wconf 82' lang='lat' dir='ltr'>species</span> <span class='ocrx_word' id='word_1_212' title='bbox 583 1702 735 1727; x_wconf 74' lang='lat' dir='ltr'>sormainter</span> <span class='ocrx_word' id='word_1_213' title='bbox 746 1704 865 1734; x_wconf 78' lang='lat' dir='ltr'>reliquas,</span> <span class='ocrx_word' id='word_1_214' title='bbox 877 1706 902 1728; x_wconf 82' lang='lat' dir='ltr'>et</span> <span class='ocrx_word' id='word_1_215' title='bbox 919 1702 1077 1727; x_wconf 85' lang='lat' dir='ltr'>staminodiis</span> <span class='ocrx_word' id='word_1_216' title='bbox 1087 1703 1235 1728; x_wconf 81' lang='lat' dir='ltr'>staminibus</span> <span class='ocrx_word' id='word_1_217' title='bbox 1246 1704 1432 1728; x_wconf 83' lang='lat' dir='ltr'>alternantibus</span> <span class='ocrx_word' id='word_1_218' title='bbox 1445 1704 1560 1736; x_wconf 86' lang='lat' dir='ltr'>insignis,</span> <span class='ocrx_word' id='word_1_219' title='bbox 1573 1706 1735 1736; x_wconf 77' lang='lat' dir='ltr'>Polycarpias</span> <span class='ocrx_word' id='word_1_220' title='bbox 1747 1704 1761 1730; x_wconf 71' lang='lat' dir='ltr'>a</span> <span class='ocrx_word' id='word_1_221' title='bbox 1778 1706 1969 1738; x_wconf 68' lang='lat' dir='ltr'>GaryophylleiS.</span> <span class='ocrx_word' id='word_1_222' title='bbox 1986 1708 2017 1732; x_wconf 86' lang='lat' dir='ltr'>ob</span> 
     </span>
     <span class='ocr_line' id='line_1_20' title="bbox 291 1758 2017 1795; baseline 0.003 -12"><span class='ocrx_word' id='word_1_223' title='bbox 291 1758 463 1788; x_wconf 76' lang='lat' dir='ltr'>placentarum</span> <span class='ocrx_word' id='word_1_224' title='bbox 477 1763 502 1784; x_wconf 84' lang='lat' dir='ltr'>et</span> <span class='ocrx_word' id='word_1_225' title='bbox 514 1761 678 1790; x_wconf 84' lang='lat' dir='ltr'>embryonum</span> <span class='ocrx_word' id='word_1_226' title='bbox 691 1761 819 1791; x_wconf 78' lang='lat' dir='ltr'>fabricam,</span> <span class='ocrx_word' id='word_1_227' title='bbox 834 1762 874 1785; x_wconf 79' lang='lat' dir='ltr'>vix</span> <span class='ocrx_word' id='word_1_228' title='bbox 890 1761 1041 1789; x_wconf 83' lang='lat' dir='ltr'>avellendas,</span> <span class='ocrx_word' id='word_1_229' title='bbox 1057 1761 1106 1792; x_wconf 88' lang='lat' dir='ltr'>(his</span> <span class='ocrx_word' id='word_1_230' title='bbox 1122 1761 1187 1785; x_wconf 85' lang='lat' dir='ltr'>enim</span> <span class='ocrx_word' id='word_1_231' title='bbox 1205 1761 1335 1785; x_wconf 86' lang='lat' dir='ltr'>ordinibus</span> <span class='ocrx_word' id='word_1_232' title='bbox 1351 1764 1472 1786; x_wconf 80' lang='lat' dir='ltr'>momenti</span> <span class='ocrx_word' id='word_1_233' title='bbox 1485 1761 1552 1787; x_wconf 68' lang='lat' dir='ltr'>certe</span> <span class='ocrx_word' id='word_1_234' title='bbox 1572 1763 1690 1788; x_wconf 87' lang='lat' dir='ltr'>levissimi</span> <span class='ocrx_word' id='word_1_235' title='bbox 1711 1764 1860 1794; x_wconf 87' lang='lat' dir='ltr'>stipularum</span> <span class='ocrx_word' id='word_1_236' title='bbox 1885 1765 2017 1795; x_wconf 79' lang='lat' dir='ltr'>praesemia</span> 
     </span>
     <span class='ocr_line' id='line_1_21' title="bbox 291 1818 2017 1853; baseline 0.003 -12"><span class='ocrx_word' id='word_1_237' title='bbox 291 1823 333 1842; x_wconf 84' lang='lat' dir='ltr'>aut</span> <span class='ocrx_word' id='word_1_238' title='bbox 348 1818 479 1850; x_wconf 77' lang='lat' dir='ltr'>derectus).</span> <span class='ocrx_word' id='word_1_239' title='bbox 499 1819 674 1848; x_wconf 78' lang='lat' dir='ltr'>Paronychieis</span> <span class='ocrx_word' id='word_1_240' title='bbox 686 1818 804 1849; x_wconf 84' lang='lat' dir='ltr'>legitimis</span> <span class='ocrx_word' id='word_1_241' title='bbox 821 1820 1080 1850; x_wconf 80' lang='lat' dir='ltr'>quantulumcumque</span> <span class='ocrx_word' id='word_1_242' title='bbox 1092 1819 1187 1849; x_wconf 82' lang='lat' dir='ltr'>alligat.</span> <span class='ocrx_word' id='word_1_243' title='bbox 1210 1820 1239 1844; x_wconf 88' lang='lat' dir='ltr'>In</span> <span class='ocrx_word' id='word_1_244' title='bbox 1256 1821 1353 1845; x_wconf 83' lang='lat' dir='ltr'>caeteris</span> <span class='ocrx_word' id='word_1_245' title='bbox 1364 1827 1463 1851; x_wconf 82' lang='lat' dir='ltr'>quoque</span> <span class='ocrx_word' id='word_1_246' title='bbox 1476 1822 1633 1853; x_wconf 72' lang='lat' dir='ltr'>Polycarpiis</span> <span class='ocrx_word' id='word_1_247' title='bbox 1647 1822 1797 1847; x_wconf 86' lang='lat' dir='ltr'>staminodia</span> <span class='ocrx_word' id='word_1_248' title='bbox 1809 1829 1880 1853; x_wconf 84' lang='lat' dir='ltr'>posse</span> <span class='ocrx_word' id='word_1_249' title='bbox 1894 1829 1957 1852; x_wconf 80' lang='lat' dir='ltr'>esse,</span> <span class='ocrx_word' id='word_1_250' title='bbox 1975 1824 2017 1847; x_wconf 81' lang='lat' dir='ltr'>sed</span> 
     </span>
     <span class='ocr_line' id='line_1_22' title="bbox 290 1876 2017 1911; baseline 0.003 -11"><span class='ocrx_word' id='word_1_251' title='bbox 290 1876 403 1905; x_wconf 82' lang='lat' dir='ltr'>minima,</span> <span class='ocrx_word' id='word_1_252' title='bbox 418 1884 510 1907; x_wconf 80' lang='lat' dir='ltr'>negare</span> <span class='ocrx_word' id='word_1_253' title='bbox 521 1878 637 1902; x_wconf 85' lang='lat' dir='ltr'>nolumus</span> <span class='ocrx_word' id='word_1_254' title='bbox 651 1888 656 1907; x_wconf 82' lang='lat'>;</span> <span class='ocrx_word' id='word_1_255' title='bbox 675 1884 732 1902; x_wconf 84' lang='lat' dir='ltr'>nam</span> <span class='ocrx_word' id='word_1_256' title='bbox 747 1879 913 1908; x_wconf 77' lang='lat' dir='ltr'>speciminum</span> <span class='ocrx_word' id='word_1_257' title='bbox 935 1877 1058 1901; x_wconf 84' lang='lat' dir='ltr'>siccorum</span> <span class='ocrx_word' id='word_1_258' title='bbox 1075 1876 1150 1901; x_wconf 81' lang='lat' dir='ltr'>flores</span> <span class='ocrx_word' id='word_1_259' title='bbox 1162 1877 1272 1907; x_wconf 79' lang='lat' dir='ltr'>exiguOS,</span> <span class='ocrx_word' id='word_1_260' title='bbox 1295 1881 1369 1908; x_wconf 86' lang='lat' dir='ltr'>atque</span> <span class='ocrx_word' id='word_1_261' title='bbox 1387 1884 1482 1908; x_wconf 82' lang='lat' dir='ltr'>organa</span> <span class='ocrx_word' id='word_1_262' title='bbox 1493 1885 1575 1903; x_wconf 85' lang='lat' dir='ltr'>crassa</span> <span class='ocrx_word' id='word_1_263' title='bbox 1588 1879 1651 1910; x_wconf 72' lang='lat' dir='ltr'>aqua</span> <span class='ocrx_word' id='word_1_264' title='bbox 1667 1882 1802 1909; x_wconf 81' lang='lat' dir='ltr'>macerata,</span> <span class='ocrx_word' id='word_1_265' title='bbox 1819 1881 1946 1911; x_wconf 80' lang='lat' dir='ltr'>explorate</span> <span class='ocrx_word' id='word_1_266' title='bbox 1961 1887 2017 1911; x_wconf 87' lang='lat' dir='ltr'>cog-</span> 
     </span>
    </p>
   </div>
   <div class='ocr_carea' id='block_1_7' title="bbox 290 1936 1230 1965">
    <p class='ocr_par' dir='ltr' id='par_1_9' title="bbox 290 1936 1230 1965">
     <span class='ocr_line' id='line_1_23' title="bbox 290 1936 1230 1965; baseline 0.001 -6"><span class='ocrx_word' id='word_1_267' title='bbox 290 1942 393 1960; x_wconf 79' lang='lat' dir='ltr'>noscere</span> <span class='ocrx_word' id='word_1_268' title='bbox 405 1936 505 1960; x_wconf 83' lang='lat' dir='ltr'>difficile</span> <span class='ocrx_word' id='word_1_269' title='bbox 519 1939 565 1965; x_wconf 88' lang='lat' dir='ltr'>est,</span> <span class='ocrx_word' id='word_1_270' title='bbox 579 1943 608 1961; x_wconf 79' lang='lat' dir='ltr'>ea</span> <span class='ocrx_word' id='word_1_271' title='bbox 626 1936 716 1961; x_wconf 84' lang='lat' dir='ltr'>vidisse</span> <span class='ocrx_word' id='word_1_272' title='bbox 732 1936 851 1961; x_wconf 86' lang='lat' dir='ltr'>tamenin</span> <span class='ocrx_word' id='word_1_273' title='bbox 865 1938 895 1961; x_wconf 88' lang='lat' dir='ltr'>P.</span> <span class='ocrx_word' id='word_1_274' title='bbox 914 1937 1019 1960; x_wconf 76' lang='lat' dir='ltr'>candida</span> <span class='ocrx_word' id='word_1_275' title='bbox 1030 1936 1230 1961; x_wconf 84' lang='lat' dir='ltr'>satiseredimus.</span> 
     </span>
    </p>
   </div>
   <div class='ocr_carea' id='block_1_8' title="bbox 843 2089 1466 2120">
    <p class='ocr_par' dir='ltr' id='par_1_10' title="bbox 843 2089 1466 2120">
     <span class='ocr_line' id='line_1_24' title="bbox 843 2089 1466 2120; baseline 0.003 -2"><span class='ocrx_word' id='word_1_276' title='bbox 843 2089 1137 2119; x_wconf 83' lang='lat' dir='ltr'>EXPLICATIO</span> <span class='ocrx_word' id='word_1_277' title='bbox 1177 2090 1283 2120; x_wconf 85' lang='lat' dir='ltr'>TAB.</span> <span class='ocrx_word' id='word_1_278' title='bbox 1323 2092 1466 2120; x_wconf 79' lang='lat' dir='ltr'>XXIII.</span> 
     </span>
    </p>
   </div>
   <div class='ocr_carea' id='block_1_9' title="bbox 291 2181 2010 2302">
    <p class='ocr_par' dir='ltr' id='par_1_11' title="bbox 291 2181 2010 2302">
     <span class='ocr_line' id='line_1_25' title="bbox 345 2181 2008 2229; baseline 0.003 -16"><span class='ocrx_word' id='word_1_279' title='bbox 345 2193 353 2213; x_wconf 94' lang='lat'><em>1</em></span> <span class='ocrx_word' id='word_1_280' title='bbox 367 2207 373 2212; x_wconf 96' lang='lat'>.</span> <span class='ocrx_word' id='word_1_281' title='bbox 393 2181 507 2214; x_wconf 90' lang='lat' dir='ltr'>Caulis</span> <span class='ocrx_word' id='word_1_282' title='bbox 520 2181 591 2215; x_wconf 84' lang='lat' dir='ltr'>basi</span> <span class='ocrx_word' id='word_1_283' title='bbox 604 2182 790 2228; x_wconf 89' lang='lat' dir='ltr'>lignescens</span> <span class='ocrx_word' id='word_1_284' title='bbox 803 2194 881 2216; x_wconf 90' lang='lat' dir='ltr'>cum</span> <span class='ocrx_word' id='word_1_285' title='bbox 895 2183 997 2216; x_wconf 84' lang='lat' dir='ltr'>ramis</span> <span class='ocrx_word' id='word_1_286' title='bbox 1012 2182 1180 2217; x_wconf 84' lang='lat' dir='ltr'>floriferis.</span> <span class='ocrx_word' id='word_1_287' title='bbox 1196 2196 1229 2217; x_wconf 85' lang='lat'>2.</span> <span class='ocrx_word' id='word_1_288' title='bbox 1252 2185 1378 2218; x_wconf 88' lang='lat' dir='ltr'>Ramus</span> <span class='ocrx_word' id='word_1_289' title='bbox 1393 2183 1534 2217; x_wconf 84' lang='lat' dir='ltr'>floridus</span> <span class='ocrx_word' id='word_1_290' title='bbox 1550 2194 1628 2216; x_wconf 91' lang='lat' dir='ltr'>cum</span> <span class='ocrx_word' id='word_1_291' title='bbox 1645 2183 1869 2229; x_wconf 86' lang='lat' dir='ltr'>sequentibus</span> <span class='ocrx_word' id='word_1_292' title='bbox 1879 2192 2008 2218; x_wconf 83' lang='lat' dir='ltr'>auctus.</span> 
     </span>
     <span class='ocr_line' id='line_1_26' title="bbox 291 2252 2010 2302; baseline 0.003 -16"><span class='ocrx_word' id='word_1_293' title='bbox 291 2252 325 2286; x_wconf 86' lang='lat'>3.</span> <span class='ocrx_word' id='word_1_294' title='bbox 347 2254 436 2287; x_wconf 90' lang='lat' dir='ltr'>Flos.</span> <span class='ocrx_word' id='word_1_295' title='bbox 457 2255 491 2297; x_wconf 75' lang='grc'>4.</span> <span class='ocrx_word' id='word_1_296' title='bbox 515 2254 610 2288; x_wconf 88' lang='lat' dir='ltr'>Idem</span> <span class='ocrx_word' id='word_1_297' title='bbox 626 2255 737 2302; x_wconf 79' lang='lat' dir='ltr'>calyce</span> <span class='ocrx_word' id='word_1_298' title='bbox 751 2255 922 2298; x_wconf 77' lang='lat' dir='ltr'>detracto,</span> <span class='ocrx_word' id='word_1_299' title='bbox 940 2256 1134 2302; x_wconf 86' lang='lat' dir='ltr'>foliolisque</span> <span class='ocrx_word' id='word_1_300' title='bbox 1150 2257 1324 2290; x_wconf 85' lang='lat' dir='ltr'>truncatis.</span> <span class='ocrx_word' id='word_1_301' title='bbox 1345 2256 1378 2291; x_wconf 89' lang='grc'>5.</span> <span class='ocrx_word' id='word_1_302' title='bbox 1400 2256 1580 2290; x_wconf 82' lang='lat' dir='ltr'>Pistillum.</span> <span class='ocrx_word' id='word_1_303' title='bbox 1600 2256 1634 2289; x_wconf 88' lang='lat'>6.</span> <span class='ocrx_word' id='word_1_304' title='bbox 1662 2256 1827 2302; x_wconf 78' lang='lat' dir='ltr'>Capsula,</span> <span class='ocrx_word' id='word_1_305' title='bbox 1846 2256 1911 2291; x_wconf 85' lang='lat' dir='ltr'>sed</span> <span class='ocrx_word' id='word_1_306' title='bbox 1932 2269 2010 2292; x_wconf 85' lang='lat' dir='ltr'>ma—</span> 
     </span>
    </p>
   </div>
   <div class='ocr_carea' id='block_1_10' title="bbox 289 2325 1384 2376">
    <p class='ocr_par' dir='ltr' id='par_1_12' title="bbox 289 2325 1384 2376">
     <span class='ocr_line' id='line_1_27' title="bbox 289 2325 1384 2376; baseline 0.003 -17"><span class='ocrx_word' id='word_1_307' title='bbox 289 2333 376 2360; x_wconf 73' lang='lat' dir='ltr'>tura</span> <span class='ocrx_word' id='word_1_308' title='bbox 395 2325 574 2361; x_wconf 80' lang='lat' dir='ltr'>adbasim</span> <span class='ocrx_word' id='word_1_309' title='bbox 593 2327 709 2373; x_wconf 71' lang='lat' dir='ltr'>usque</span> <span class='ocrx_word' id='word_1_310' title='bbox 723 2327 890 2363; x_wconf 77' lang='lat' dir='ltr'>dehiscit.</span> <span class='ocrx_word' id='word_1_311' title='bbox 912 2342 945 2376; x_wconf 89' lang='lat'>7.</span> <span class='ocrx_word' id='word_1_312' title='bbox 973 2328 1098 2363; x_wconf 83' lang='lat' dir='ltr'>Eadem</span> <span class='ocrx_word' id='word_1_313' title='bbox 1115 2329 1246 2362; x_wconf 73' lang='lat' dir='ltr'>valvula</span> <span class='ocrx_word' id='word_1_314' title='bbox 1260 2328 1384 2363; x_wconf 74' lang='lat' dir='ltr'>avulsa.</span> 
     </span>
    </p>
   </div>
   <div class='ocr_carea' id='block_1_11' title="bbox 781 2484 1522 2536">
    <p class='ocr_par' dir='ltr' id='par_1_13' title="bbox 781 2484 1522 2536">
     <span class='ocr_line' id='line_1_28' title="bbox 781 2484 1522 2536; baseline 0 -2"><span class='ocrx_word' id='word_1_315' title='bbox 781 2484 1312 2536; x_wconf 86' lang='lat' dir='ltr'>PARONYCHIA.</span> <span class='ocrx_word' id='word_1_316' title='bbox 1370 2486 1522 2535; x_wconf 86' lang='lat' dir='ltr'>JUSS.</span> 
     </span>
    </p>
   </div>
   <div class='ocr_carea' id='block_1_12' title="bbox 287 2614 2010 3005">
    <p class='ocr_par' dir='ltr' id='par_1_14' title="bbox 287 2614 2010 3005">
     <span class='ocr_line' id='line_1_29' title="bbox 347 2614 2010 2677; baseline 0.002 -19"><span class='ocrx_word' id='word_1_317' title='bbox 347 2614 495 2659; x_wconf 75' lang='lat' dir='ltr'>CALYx</span> <span class='ocrx_word' id='word_1_318' title='bbox 513 2616 814 2671; x_wconf 85' lang='lat' dir='ltr'>5-foliolatus‚</span> <span class='ocrx_word' id='word_1_319' title='bbox 841 2618 1100 2676; x_wconf 74' lang='lat' dir='ltr'>persistens.</span> <span class='ocrx_word' id='word_1_320' title='bbox 1130 2619 1292 2663; x_wconf 83' lang='lat' dir='ltr'>foliolis</span> <span class='ocrx_word' id='word_1_321' title='bbox 1321 2619 1512 2663; x_wconf 85' lang='lat' dir='ltr'>soliaceis</span> <span class='ocrx_word' id='word_1_322' title='bbox 1541 2620 1663 2677; x_wconf 87' lang='lat' dir='ltr'>apice</span> <span class='ocrx_word' id='word_1_323' title='bbox 1698 2619 1899 2667; x_wconf 74' lang='lat' dir='ltr'>muticis,</span> <span class='ocrx_word' id='word_1_324' title='bbox 1931 2627 2010 2662; x_wconf 85' lang='lat' dir='ltr'>aut</span> 
     </span>
     <span class='ocr_line' id='line_1_30' title="bbox 289 2699 2006 2751; baseline 0.002 -11"><span class='ocrx_word' id='word_1_325' title='bbox 289 2699 544 2750; x_wconf 72' lang='lat' dir='ltr'>cucullatis,</span> <span class='ocrx_word' id='word_1_326' title='bbox 584 2701 887 2751; x_wconf 69' lang='lat' dir='ltr'>muci-onatis,</span> <span class='ocrx_word' id='word_1_327' title='bbox 923 2700 1014 2744; x_wconf 87' lang='lat' dir='ltr'>basi</span> <span class='ocrx_word' id='word_1_328' title='bbox 1047 2700 1096 2741; x_wconf 90' lang='lat' dir='ltr'>in</span> <span class='ocrx_word' id='word_1_329' title='bbox 1125 2700 1361 2743; x_wconf 85' lang='lat' dir='ltr'>urceolum</span> <span class='ocrx_word' id='word_1_330' title='bbox 1396 2700 1628 2743; x_wconf 84' lang='lat' dir='ltr'>concretis.</span> <span class='ocrx_word' id='word_1_331' title='bbox 1660 2699 1836 2743; x_wconf 76' lang='lat' dir='ltr'><strong>PETALA</strong></span> <span class='ocrx_word' id='word_1_332' title='bbox 1867 2700 2006 2743; x_wconf 86' lang='lat' dir='ltr'>nulla.</span> 
     </span>
     <span class='ocr_line' id='line_1_31' title="bbox 287 2779 2009 2840; baseline 0.002 -17"><span class='ocrx_word' id='word_1_333' title='bbox 287 2779 484 2824; x_wconf 82' lang='lat' dir='ltr'><strong>STAMINA</strong></span> <span class='ocrx_word' id='word_1_334' title='bbox 505 2785 575 2832; x_wconf 73' lang='lat'>10.</span> <span class='ocrx_word' id='word_1_335' title='bbox 603 2783 761 2839; x_wconf 82' lang='lat' dir='ltr'>calycis</span> <span class='ocrx_word' id='word_1_336' title='bbox 790 2782 969 2826; x_wconf 86' lang='lat' dir='ltr'>urceolo</span> <span class='ocrx_word' id='word_1_337' title='bbox 996 2782 1185 2826; x_wconf 79' lang='lat' dir='ltr'>inserta.</span> <span class='ocrx_word' id='word_1_338' title='bbox 1213 2797 1413 2840; x_wconf 86' lang='lat' dir='ltr'>quorum</span> <span class='ocrx_word' id='word_1_339' title='bbox 1441 2786 1465 2824; x_wconf 89' lang='lat'>5</span> <span class='ocrx_word' id='word_1_340' title='bbox 1491 2782 1655 2824; x_wconf 79' lang='lat' dir='ltr'>fertilia</span> <span class='ocrx_word' id='word_1_341' title='bbox 1689 2782 1849 2826; x_wconf 87' lang='lat' dir='ltr'>foliolis</span> <span class='ocrx_word' id='word_1_342' title='bbox 1873 2797 2009 2840; x_wconf 91' lang='lat' dir='ltr'>oppo-</span> 
     </span>
     <span class='ocr_line' id='line_1_32' title="bbox 287 2863 2008 2921; baseline 0.001 -15"><span class='ocrx_word' id='word_1_343' title='bbox 287 2863 392 2913; x_wconf 64' lang='lat' dir='ltr'>sita.</span> <span class='ocrx_word' id='word_1_344' title='bbox 431 2868 454 2906; x_wconf 88' lang='lat'>5</span> <span class='ocrx_word' id='word_1_345' title='bbox 485 2871 677 2908; x_wconf 84' lang='lat' dir='ltr'>castrata</span> <span class='ocrx_word' id='word_1_346' title='bbox 717 2865 1002 2908; x_wconf 78' lang='lat' dir='ltr'>alternantia.</span> <span class='ocrx_word' id='word_1_347' title='bbox 1036 2864 1240 2908; x_wconf 66' lang='lat' dir='ltr'>OvARmM</span> <span class='ocrx_word' id='word_1_348' title='bbox 1273 2864 1493 2918; x_wconf 77' lang='lat' dir='ltr'>liberum,</span> <span class='ocrx_word' id='word_1_349' title='bbox 1523 2864 1668 2908; x_wconf 78' lang='lat' dir='ltr'>ovulis</span> <span class='ocrx_word' id='word_1_350' title='bbox 1699 2863 2008 2921; x_wconf 87' lang='lat' dir='ltr'>complanato-</span> 
     </span>
     <span class='ocr_line' id='line_1_33' title="bbox 291 2944 2007 3005; baseline 0.001 -18"><span class='ocrx_word' id='word_1_351' title='bbox 291 2946 625 2990; x_wconf 87' lang='lat' dir='ltr'>reniformibus.</span> <span class='ocrx_word' id='word_1_352' title='bbox 645 2944 809 2989; x_wconf 84' lang='lat' dir='ltr'>STYLUS</span> <span class='ocrx_word' id='word_1_353' title='bbox 843 2950 861 2988; x_wconf 92' lang='lat'>1</span> <span class='ocrx_word' id='word_1_354' title='bbox 878 2981 887 2997; x_wconf 64' lang='lat'>.</span> <span class='ocrx_word' id='word_1_355' title='bbox 906 2947 955 2989; x_wconf 88' lang='lat' dir='ltr'>in</span> <span class='ocrx_word' id='word_1_356' title='bbox 973 2947 1084 2991; x_wconf 89' lang='lat' dir='ltr'>duos</span> <span class='ocrx_word' id='word_1_357' title='bbox 1101 2948 1294 3005; x_wconf 75' lang='lat' dir='ltr'>superne</span> <span class='ocrx_word' id='word_1_358' title='bbox 1316 2948 1513 3000; x_wconf 82' lang='lat' dir='ltr'>solutus,</span> <span class='ocrx_word' id='word_1_359' title='bbox 1532 2945 1822 3003; x_wconf 83' lang='lat' dir='ltr'>stigmatibus</span> <span class='ocrx_word' id='word_1_360' title='bbox 1852 2950 1877 2988; x_wconf 83' lang='lat'><strong>2</strong></span> <span class='ocrx_word' id='word_1_361' title='bbox 1897 2946 2007 2989; x_wconf 85' lang='lat' dir='ltr'>facie</span> 
     </span>
    </p>
   </div>
   <div class='ocr_carea' id='block_1_13' title="bbox 292 3027 2007 3125">
    <p class='ocr_par' dir='ltr' id='par_1_15' title="bbox 292 3027 2007 3125">
     <span class='ocr_line' id='line_1_34' title="bbox 292 3027 2007 3087; baseline 0.002 -18"><span class='ocrx_word' id='word_1_362' title='bbox 292 3027 474 3070; x_wconf 75' lang='lat' dir='ltr'>interna</span> <span class='ocrx_word' id='word_1_363' title='bbox 491 3029 713 3086; x_wconf 88' lang='lat' dir='ltr'>papillatis</span> <span class='ocrx_word' id='word_1_364' title='bbox 752 3030 959 3082; x_wconf 75' lang='lat' dir='ltr'>vestitos,</span> <span class='ocrx_word' id='word_1_365' title='bbox 977 3036 1055 3072; x_wconf 86' lang='lat' dir='ltr'>aut</span> <span class='ocrx_word' id='word_1_366' title='bbox 1075 3030 1249 3087; x_wconf 84' lang='lat' dir='ltr'>integer</span> <span class='ocrx_word' id='word_1_367' title='bbox 1269 3028 1557 3087; x_wconf 84' lang='lat' dir='ltr'>stigmatibus</span> <span class='ocrx_word' id='word_1_368' title='bbox 1575 3029 1764 3082; x_wconf 83' lang='lat' dir='ltr'>coalitis,</span> <span class='ocrx_word' id='word_1_369' title='bbox 1781 3029 1985 3086; x_wconf 89' lang='lat' dir='ltr'>capitatis</span> <span class='ocrx_word' id='word_1_370' title='bbox 1998 3064 2007 3078; x_wconf 64' lang='lat'><strong>„</strong></span> 
     </span>
     <span class='ocr_line' id='line_1_35' title="bbox 388 3099 1929 3125; baseline 0.001 -2"><span class='ocrx_word' id='word_1_371' title='bbox 388 3105 432 3124; x_wconf 82' lang='lat' dir='ltr'>iu.</span> <span class='ocrx_word' id='word_1_372' title='bbox 1895 3099 1929 3125; x_wconf 77' lang='lat'>21</span> 
     </span>
    </p>
   </div>
  </div>
 </body>
</html>
