2541 3936
1077 487 1216 532 (31)

354 575 605 617 ARBUSCULA
624 574 814 630 lignosa„
844 576 979 618 ramis
1003 576 1236 632 elongatis,
1263 576 1444 626 diffusis.
1473 576 1586 619 foliis
1608 577 2003 633 palmato-Iobatis,

298 655 468 711 petiolis
481 655 710 711 elongatis,
728 655 1024 706 bibracteatis,
1061 656 1296 700 bracteolis
1315 657 1517 699 minimis
1534 655 1721 699 caducis.

345 735 426 767 Osss.
458 736 575 768 Genus
589 734 833 781 perpulchrum
847 733 955 770 amico
972 737 1218 782 spectatissimo
1237 737 1418 770 Dominico
1437 738 1594 780 Savifion,
1610 737 1742 771 medico
1750 745 1784 770 et
1799 737 2005 785 philosopho

297 807 504 850 Canariensi,
523 807 730 851 dicavimus,
750 808 808 853 qui
821 807 983 841 doctrinis
1000 808 1177 842 altioribus
1193 808 1355 850 excultus,
1373 815 1406 841 et
1429 808 1665 854 pulcherrimas
1683 809 1801 855 patriae
1814 810 1946 844 ardenti
1961 812 2008 843 as—

299 880 403 914 fectus
415 880 539 924 studio,
555 880 700 914 consiliis
712 881 982 926 peregrinatores
998 881 1149 914 celebres
1160 883 1325 922 Drusum,
1339 881 1628 923 Broussonetium,
1645 883 1806 927 Boryum,
1824 883 2003 923 Buchium,

296 952 490 995 Smithium,
518 960 637 998 totque
653 952 882 998 aliosjuvavit.
902 953 1019 986 Nullis*
1029 960 1144 986 tamen
1164 953 1272 986 carior
1288 959 1359 986 erat
1377 954 1480 997 quam
1505 951 1613 993 nobis,
1634 953 1759 997 quibus
1778 954 2007 988 familiaritatis

295 1023 368 1069 ejus
382 1024 507 1058 diutius
526 1024 588 1057 frui
607 1024 723 1057 datum
743 1023 817 1066 suit,
841 1031 874 1056 et
889 1023 1097 1069 quibuscum
1112 1023 1318 1057 abeuntibus
1332 1023 1537 1057 documenta
1555 1024 1722 1069 pretiosa,
1744 1026 1810 1058 otia
1830 1026 1907 1059 vita-2
1922 1038 2004 1073 ope-

298 1107 396 1139 rosae,
410 1105 446 1130 ut
468 1096 612 1141 publicae
634 1096 766 1129 utilitati
782 1095 901 1142 privati
919 1096 1120 1129 inservirent
1137 1097 1281 1139 laboreS,
1304 1095 1374 1142 jam
1391 1096 1501 1129 senior
1520 1096 1792 1130 communicavit.

341 1169 516 1202 Saviniona
543 1170 561 1201 a
575 1168 746 1201 Lavateris
765 1167 967 1214 pedunculis
988 1168 1171 1214 elongatis,
1189 1168 1388 1210 articulatis,
1413 1168 1539 1201 corolla
1567 1168 1804 1214 subringente,
1823 1170 1941 1215 petalis
1960 1183 2007 1203 re-

294 1241 400 1283 flexis,
423 1240 596 1274 androecio
612 1239 753 1282 deflexo,
781 1247 814 1273 et
836 1247 908 1273 toto
934 1240 1049 1273 habitu
1068 1240 1211 1282 diversa,
1230 1241 1318 1274 viam
1337 1243 1468 1274 Navaeae
1492 1241 1624 1287 aperit,
1650 1242 1668 1274 a
1684 1243 1750 1286 qua
1777 1241 1887 1288 calyce
1914 1250 2003 1275 exte-

294 1313 382 1347 riore
399 1313 617 1358 persistente,
643 1312 814 1359 pcdicellis
839 1313 951 1354 rectis,
969 1324 1030 1345 nec
1049 1313 1196 1355 retortis,
1223 1313 1414 1346 columella·
1435 1313 1561 1354 forma,
1589 1313 1696 1346 coccis
1719 1313 1923 1356 rotundatis,
1946 1327 2005 1347 nec

292 1385 446 1428 cristatis,
466 1386 643 1430 cristisque
659 1385 876 1418 columellam
899 1384 1099 1429 tegentibus,
1112 1392 1216 1429 atque
1233 1384 1303 1417 aliis
1315 1385 1403 1417 notis
1415 1384 1549 1417 abunde
1569 1384 1693 1417 diflert.

641 1515 1017 1558 SAVINIONA
1048 1515 1486 1560 ACERIFOLIA.
1534 1519 1653 1561 Noe.

337 1637 368 1666 5.
395 1634 480 1667 foliis
498 1633 665 1680 profunde
691 1633 1114 1680 palmato-quinquelobiS,
1142 1633 1227 1667 lobis
1245 1634 1420 1680 elongatis,
1450 1635 1567 1677 acutis,
1584 1634 1742 1678 dentatis,
1764 1635 1884 1681 calycis
1908 1644 1998 1669 exte-

290 1707 386 1739 rioris
403 1707 523 1740 foliolis
536 1707 654 1749 ovatis,
677 1715 734 1740 aut
753 1707 1075 1748 lanceolato-ovatis,
1095 1706 1180 1748 basi,
1203 1713 1260 1739 aut
1286 1706 1353 1739 sere
1378 1705 1419 1739 ad
1441 1706 1593 1740 medium
1616 1720 1723 1753 usque
1741 1708 1882 1751 coalitis,
1920 1710 2003 1742 inte-

291 1780 377 1812 riore
399 1779 648 1825 campanulato,
669 1779 809 1812 demum
825 1778 1154 1824 hypocraterilbrmi,
1168 1777 1293 1810 laciniis
1310 1777 1502 1811 lanceolatis
1516 1779 1647 1822 matis,
1668 1780 1846 1814 columella
1871 1782 1996 1815 conica.

329 1849 473 1878 Lavatera
490 1850 650 1879 acerisolia.
671 1852 775 1879 Cavan.
798 1849 844 1877 El.
859 1850 940 1877 Hort.
963 1849 1071 1876 Macra.
1085 1859 1156 1886 pag.
1175 1849 1223 1876 20.
1242 1849 1306 1876 DC.
1326 1849 1387 1876 Cat.
1410 1849 1493 1877 Hort.
1513 1852 1628 1888 Monsp.
1645 1861 1714 1889 pag.
1735 1852 1800 1878 121.
1821 1852 1895 1880 Lois.
1912 1853 1996 1880 Herb.

290 1915 386 1941 Amat.
413 1914 465 1941 cab.
491 1915 558 1943 322.

336 1979 422 2012 ΗΑΒ.
442 1978 493 2013 Ad
510 1991 611 2026 rupes
629 1979 777 2013 madidas
788 1979 935 2025 regionis
957 1979 1107 2025 sylvosae.
1135 1981 1173 2011 In
1198 1977 1408 2012 convallibus
1453 1977 1493 2011 (le
1511 1978 1701 2027 Baslajos,
1734 1979 1793 2014 del
1816 1981 1993 2026 Infiemo.

288 2050 426 2096 aliisque
454 2063 523 2085 orae
546 2051 784 2085 meridionalis.
808 2054 845 2084 In
869 2051 960 2098 jugis
990 2052 1161 2085 montium
1184 2064 1260 2097 quae
1279 2052 1556 2098 promontorium
1584 2052 1712 2086 Planta
1729 2052 1770 2086 de
1798 2054 1896 2087 Teno
1917 2054 2000 2087 valle

288 2122 439 2169 oppiduli
454 2123 586 2157 Baemz
608 2123 720 2158 Vz'sta
735 2123 983 2166 disterminant,
1000 2120 1107 2170 prope
1125 2125 1304 2170 scopulum
1327 2125 1535 2158 Monachum
1553 2125 1621 2157 sive
1638 2125 1826 2171 eLFrayle
1855 2125 1996 2159 dictum.

288 2199 325 2229 In
352 2196 437 2229 valle
466 2195 639 2229 Xz'menez
674 2194 762 2228 circa
794 2194 960 2241 oppidum
983 2196 1316 2238 Sanctam-Crucem,
1343 2203 1375 2229 et
1395 2196 1482 2229 inter
1501 2204 1634 2230 montes
1660 2197 1996 2232 boreali-orientales,

289 2268 402 2301 Floret
412 2267 483 2313 jam
501 2269 519 2300 a
537 2279 653 2300 mense
668 2266 838 2312 januari0,
859 2274 892 2300 et
909 2266 1050 2300 floribus
1065 2268 1275 2313 conspicuis,
1294 2269 1416 2311 roseis,
1444 2277 1501 2302 aut
1532 2269 1655 2315 pallide
1682 2270 1994 2304 caerulesceutibus.

291 2340 361 2373 loca
380 2340 541 2373 umbrosa
552 2365 561 2383 ,
575 2347 608 2373 et
636 2340 782 2373 fontium
799 2339 970 2372 scatebras
987 2339 1137 2373 decorat.

339 2415 494 2445 Disrmn.
516 2424 618 2446 onoc.
649 2412 765 2445 Planta
793 2412 1024 2455 Canariensis,
1040 2414 1073 2446 in
1092 2412 1228 2446 Madera
1241 2412 1396 2447 nondum
1416 2414 1512 2447 lecta.

328 2484 412 2511 Dtsc.
440 2484 603 2511 Anunscum
638 2480 833 2517 muldeaulis,
860 2481 1053 2519 ss-S-pedalis,
1076 2483 1182 2510 cortice
1211 2483 1339 2519 cinereo,
1367 2484 1486 2512 rimoso.
1514 2484 1593 2512 Rmu
1618 2483 1813 2523 cylindraoei,
1842 2484 1984 2525 elongati,

288 2547 423 2581 flexuosi,
436 2545 538 2581 exiles,
560 2545 701 2573 soliorum
714 2544 891 2574 cicatriculis
905 2544 1065 2583 gibberosi,
1082 2546 1164 2583 apice
1178 2545 1311 2575 foliiseri.
1328 2546 1418 2575 Fomix
1434 2547 1580 2585 2-3-p011.
1595 2547 1695 2586 longa,
1711 2554 1740 2576 et
1762 2548 1888 2576 totidem
1903 2547 1994 2588 larga.

287 2609 402 2645 5-loba,
424 2615 477 2637 aut
492 2600 686 2643 sub-7-loba',
704 2607 779 2636 lohis
791 2607 947 2647 elongatis,
966 2609 1072 2645 acutis,
1098 2609 1298 2649 irregulariter
1312 2610 1590 2646 cremato-dentatis,
1608 2610 1721 2647 mollia,
1748 2611 1995 2651 subglaucescen·

286 2675 339 2710 tia,
355 2674 471 2712 juniora
485 2672 596 2709 albida,
618 2674 717 2702 nervis
738 2674 756 2701 5
778 2671 901 2701 elevatis
918 2674 1062 2711 utrinque
1076 2679 1190 2710 notata,
1208 2675 1295 2712 supra
1310 2674 1448 2712 adpress'e
1464 2673 1606 2703 stellaliin
1621 2675 1742 2711 sericea,
1762 2675 1869 2704 subtus
1883 2676 1995 2705 reticu-

286 2739 371 2768 latim
385 2738 586 2777 pubescentia.
602 2738 721 2767 PET10L1
733 2737 921 2777 longitudine
934 2736 1090 2766 variabiles
1105 2736 1332 2776 {-2-1)ollicai·es,
1352 2737 1529 2776 cyliudracci
1540 2761 1548 2773 ,
1564 2739 1671 2774 striati,
1700 2739 1865 2778 aliquando
1879 2741 1994 2778 ancipi-

285 2810 329 2832 tes
343 2809 374 2832 et
388 2802 527 2831 subalati.
545 2802 673 2831 smum,
692 2803 709 2831 3
724 2802 778 2830 lin.
799 2802 905 2841 longae,
921 2801 1058 2837 lineares,
1071 2808 1257 2836 tomentosae,
1269 2800 1573 2837 submembrauaceae,
1587 2801 1707 2838 albidae,
1719 2802 1846 2839 debiles,
1862 2803 1989 2832 caducae.

285 2866 449 2896 Psnuucuu
467 2865 640 2905 1-1-3-poll.
655 2866 747 2905 longi,
762 2867 791 2894 in
803 2865 901 2894 axillis
912 2864 1119 2903 superioribus
1134 2863 1271 2900 solitarii,
1294 2863 1401 2893 leviter
1427 2865 1555 2901 incurvi,
1570 2865 1706 2903 graciles,
1721 2865 1913 2905 cylindracei,
1938 2869 1993 2896 sub

285 2930 357 2958 flore
378 2929 540 2966 articulati,
563 2929 773 2958 articulatione
793 2929 964 2958 incrassata.
990 2928 1083 2957 CAer
1097 2927 1220 2966 duplex.
1243 2928 1380 2956 Exterior
1394 2927 1562 2966 3-phyllus,
1588 2927 1699 2957 foliolis
1719 2929 1828 2966 ovatis,
1854 2929 1990 2968 adpressi·

286 2994 471 3028 tomentosis,
484 2992 594 3031 pallide
610 2992 835 3028 virescentibus,
848 2991 1152 3027 venoso-ret'iculatis,
1168 2993 1275 3027 acutis,
1289 2992 1367 3020 inter
1381 3001 1410 3020 se
1431 3001 1525 3030 usque
1544 2991 1583 3020 ad
1604 2991 1739 3021 medium
1756 2992 1882 3029 coalitis,
1897 2993 1991 3022 rarius
