2541 3936
1075 524 1242 569 (173)

537 757 1309 833 CRASSULACEAE.
1386 755 1551 827 Juss.
1620 753 1772 827 DC.

340 1028 419 1060 ons.
440 1026 667 1059 Crassulaceae
682 1037 743 1059 nec
758 1025 896 1059 exoticae
910 1023 1033 1067 adhuc,
1046 1035 1108 1057 nec
1117 1025 1297 1069 Europaeae
1312 1023 1393 1069 ipsae
1409 1022 1472 1056 rite
1488 1029 1675 1069 perspectas
1690 1022 1842 1063 suerunt,
1857 1034 1894 1055 ac
1912 1024 1937 1056 si
1953 1033 2016 1056 no-

291 1100 402 1134 vitatis
415 1099 543 1145 aliquid
561 1099 672 1133 attulit
693 1099 882 1146 specierum
901 1080 1157 1133 Canariensium
1174 1095 1289 1131 sedula
1316 1095 1524 1139 observatiO,
1542 1095 1624 1142 quid
1644 1107 1713 1130 non
1731 1095 2016 1143 Austro-Libyca-

292 1184 367 1207 rum
380 1179 482 1219 atque
499 1173 776 1206 Americanarum
797 1171 1015 1219 pertractatio
1040 1169 1196 1204 docebit?
1216 1170 1370 1216 Spatium
1391 1169 1484 1215 quod
1507 1169 1597 1203 inter
1613 1169 1763 1216 calycem
1783 1176 1817 1203 et
1836 1170 2018 1204 verticillos

289 1247 481 1294 superiores
498 1246 707 1289 extenditur,
720 1247 789 1280 sive
807 1245 1057 1293 receptaculum
1071 1245 1125 1287 sit,
1137 1244 1204 1279 sive
1221 1252 1350 1287 torum,
1364 1256 1423 1277 seu
1438 1243 1570 1278 discum
1583 1243 1824 1291 hypogynum‚
1836 1255 1894 1277 seu
1910 1255 2016 1291 gyno-

287 1320 420 1368 phoron
441 1321 613 1368 appellare
628 1321 752 1363 mavis,
772 1321 969 1366 quanquam
986 1319 1113 1366 primas
1134 1319 1164 1351 in
1185 1317 1306 1352 ordine
1324 1325 1439 1365 partes
1454 1325 1544 1364 agat,
1565 1317 1755 1364 neglectam
1775 1324 1888 1351 tamen
1907 1319 2017 1352 omni-

287 1394 352 1429 bus
371 1403 406 1429 et
434 1396 694 1442 praetermissam
723 1393 889 1428 videmus.
920 1393 955 1428 Id
977 1392 1118 1439 quidem
1137 1392 1249 1426 obiter
1275 1391 1510 1434 Adansonius,
1529 1392 1607 1426 cum
1631 1390 1674 1425 de
1698 1392 1886 1438 squamulis
1906 1394 2018 1438 quarti

286 1467 438 1502 verticilli
458 1467 622 1513 loquitur,
637 1478 911 1501 commemorare
926 1465 1075 1507 videtur⁷
1098 1467 1176 1499 cum
1195 1464 1277 1498 dicit
1296 1464 1406 1511 (Fam.
1427 1463 1488 1498 des
1507 1464 1554 1510 pl.
1576 1463 1644 1499 vol.
1666 1476 1701 1498 2.
1720 1476 1797 1511 pag.
1821 1465 1920 1512 247.)
1941 1480 1954 1497 (ι
1969 1468 2016 1500 Cr

285 1554 327 1576 ne
343 1549 420 1575 sont
433 1548 530 1575 autre
545 1540 647 1575 chose
663 1553 730 1587 que
747 1540 796 1574 les
810 1539 914 1574 bords
935 1538 981 1573 du
1000 1538 1120 1584 disque
1137 1539 1195 1585 qui
1213 1545 1377 1585 supporte
1393 1537 1441 1572 les
1455 1538 1587 1572 ovaires
1606 1549 1743 1572 comme
1759 1537 1844 1572 dans
1861 1538 1908 1572 les
1927 1539 2017 1573 Alsi—

285 1616 376 1649 nees.
395 1629 410 1647 ι)
427 1615 587 1649 Jussiaeus
609 1627 625 1646 (ι
646 1614 852 1648 Germinum
873 1613 1159 1660 plurium—basi
1175 1612 1335 1647 anteriori
1355 1612 1570 1658 junctorum,
1595 1625 1611 1644 n
1634 1612 1846 1646 mentionem
1863 1620 2015 1646 tantum-

285 1688 390 1723 modo
409 1688 498 1723 facit.
521 1687 626 1735 (Gen.
652 1687 703 1721 Pl.
726 1700 801 1735 pag.
825 1686 925 1734 207.)
941 1689 1012 1721 Nec
1028 1687 1153 1720 mirum
1166 1712 1176 1729 ,
1194 1685 1512 1734 Sempervivorum
1533 1685 1625 1718 enim
1645 1686 1898 1732 Europaeorum
1917 1698 2014 1720 coeca

285 1762 335 1795 vel
354 1760 502 1808 carpidia
521 1761 648 1795 sessilia
666 1761 817 1803 tantum,
836 1768 867 1794 et
885 1769 961 1794 toro
976 1760 1050 1794 exili
1064 1767 1098 1794 et
1113 1760 1166 1794 vix
1184 1759 1307 1794 visibili
1325 1759 1510 1806 applicata,
1529 1759 1618 1793 intus
1631 1758 1683 1792 axi
1700 1759 1840 1793 centrali
1858 1759 2013 1805 aliquan·

285 1835 394 1869 tulum
423 1836 524 1881 supra
545 1834 694 1881 calycem
710 1841 874 1881 protruso
895 1833 1100 1880 junguntur.
1127 1832 1305 1867 lnterdl'nn
1329 1831 1498 1879 (Aitlzale
1522 1830 1591 1877 N.)
1617 1832 1718 1879 paulo
1743 1832 1842 1866 altius
1867 1833 1954 1868 inter
1982 1846 2015 1866 se

282 1909 495 1951 coalescunt,
518 1916 552 1942 et
567 1907 751 1955 aliquando
777 1906 945 1954 (Aitlzczle
963 1909 1154 1954 coespitoso
1178 1905 1243 1952 N.)
1269 1906 1301 1939 in
1330 1905 1560 1953 pericarpium
1581 1906 1720 1940 unicum
1747 1905 1938 1941 5-locularc
1964 1908 2014 1940 in-

281 1982 375 2016 ferne
386 1982 701 2029 cocunt,placentis
712 1981 921 2016 suturalibus
933 1982 964 2015 in
980 1981 1176 2015 columnam
1193 1980 1378 2015 centralem
1390 1980 1643 2027 placentiferam
1661 1981 1866 2028 aggregatis.
1884 1980 2014 2015 Eadem

281 2055 508 2089 conformatio
530 2055 563 2088 in
582 2053 772 2089 Rlzodiolci
787 2062 820 2089 et
844 2055 876 2089 in
903 2054 1081 2102 speciebus
1097 2055 1170 2089 aliis
1185 2054 1250 2089 sub
1265 2053 1363 2089 Sedo
1379 2054 1586 2089 enumeratis
1602 2054 1748 2089 videnda
1769 2062 1830 2088 est.
1850 2054 2013 2101 Semper-

281 2127 368 2163 vivis
386 2129 478 2163 enim
494 2131 644 2176 Europae
660 2137 764 2175 atque
790 2130 876 2163 Asiae
892 2129 987 2176 calyx
1009 2131 1116 2175 usque
1139 2128 1181 2163 ad
1204 2129 1297 2163 basin
1316 2129 1385 2163 sere
1406 2129 1439 2162 in
1460 2128 1596 2162 lacinias
1613 2127 1797 2170 scinditur,
1821 2135 1879 2162 aut
1899 2140 1939 2161 ex
1966 2128 2010 2162 cl.

281 2202 396 2236 Kuntb
413 2202 656 2249 (Crassulaceae
675 2203 725 2236 Fl.
749 2203 861 2237 Berol.
884 2203 952 2237 vol.
982 2215 1011 2236 1.
1039 2214 1115 2249 pag.
1147 2202 1244 2248 148.)
1274 2215 1291 2234 «
1313 2202 1431 2248 Sepala
1456 2201 1528 2236 basi
1557 2202 1666 2248 magis
1689 2201 1843 2235 minusve
1869 2210 2012 2235 connata

279 2284 368 2309 sunt.
386 2289 403 2308 ³>
424 2275 688 2310 Canariensibus
704 2277 821 2310 contra
838 2275 1036 2323 (Aiclnyso
1052 2303 1059 2319 ‚
1082 2275 1221 2310 ,Έοηίο
1238 2303 1245 2319 ,
1267 2275 1474 2311 Θιέεηουίά
1485 2303 1493 2319 ,
1511 2283 1543 2310 et
1558 2274 1765 2322 Petroplzye
1782 2274 1854 2320 N.)
1871 2276 1903 2309 in
1922 2288 2013 2309 cam-

279 2361 400 2395 panam
420 2356 479 2383 aut
495 2348 749 2383 infundibulum
769 2351 861 2395 apice
887 2350 1065 2384 dentatum
1079 2377 1089 2392 ,
1107 2358 1166 2384 aut
1182 2349 1225 2384 ad
1244 2349 1396 2384 medium
1418 2349 1537 2383 fissum
1554 2376 1562 2392 ‚
1589 2350 1783 2384 coalescunt
1799 2334 1817 2392 ,⁷
1830 2350 1882 2383 cui
1906 2350 2009 2396 paulo

279 2423 362 2456 infra
382 2422 517 2456 lacinias
532 2423 721 2470 imponitur
738 2422 850 2456 discus
867 2422 1074 2470 bypogynus
1090 2422 1187 2457 valde
1210 2423 1412 2457 incrassatus
1424 2450 1436 2466 ,
1453 2434 1523 2469 quo
1541 2435 1630 2457 nunc
1649 2422 1718 2457 basi
1738 2435 1827 2456 nunc
1847 2423 1947 2456 altius
1966 2424 2009 2456 la-

279 2504 351 2530 tent
365 2496 491 2530 ovaria.
509 2495 657 2541 Hujusce
672 2495 755 2529 disci
773 2496 815 2530 ad
829 2497 960 2544 apicem
976 2498 1086 2544 petala
1105 2509 1184 2531 cum
1201 2497 1384 2531 filamentis
1400 2497 1433 2531 in
1449 2497 1614 2531 annulum
1629 2504 1773 2531 connata
1793 2496 1988 2530 inseruntur
2000 2523 2008 2536 ,

278 2569 462 2617 proditque
478 2576 619 2616 quartus
630 2597 638 2612 ,
656 2581 874 2616 squamarum
888 2571 1013 2606 scilicet
1028 2571 1226 2606 verticillus.
1247 2573 1362 2606 Costae
1377 2582 1530 2605 nervosae
1544 2598 1553 2615 ,
1571 2570 1616 2604 ab
1630 2582 1690 2604 axe
1709 2570 1847 2604 centrali
1862 2582 1923 2616 per
1938 2570 2007 2605 dis-

276 2656 354 2678 cum
370 2643 551 2685 radiantes,
575 2644 592 2676 ὲ
609 2644 821 2690 marginibus
841 2645 1045 2691 petalorum‚
1061 2653 1095 2679 et
1112 2645 1310 2689 staminum,
1329 2645 1459 2680 ordinis
1475 2643 1593 2691 petalis
1605 2644 1803 2678 alternantis
1814 2671 1822 2687 ,
1847 2643 1984 2679 basibus
1999 2673 2005 2687 ,

278 2717 404 2764 quibus
425 2716 665 2761 terminantur,
686 2718 855 2764 originem
874 2718 1006 2752 trahere
1026 2717 1196 2752 videntur.
1219 2720 1347 2752 Earum
1364 2718 1551 2753 intervallis
1565 2718 1760 2753 ovariorum
1780 2718 1876 2752 bases
1895 2730 1929 2752 se
1945 2718 2006 2751 ab-

276 2791 381 2835 dunt,
407 2790 496 2825 unde
522 2791 690 2837 principio
710 2799 782 2825 arte
810 2791 971 2826 solubiles
988 2799 1089 2833 sunt,
1109 2802 1189 2825 mox
1208 2803 1250 2825 ex
1268 2798 1342 2825 toto
1359 2789 1544 2825 cohaerent.
1565 2791 1833 2838 Receptaculum
1851 2803 2008 2827 nonnun-

275 2866 378 2910 quam
406 2864 633 2911 (Greenovz'ci
650 2864 715 2911 Ν.)
740 2865 827 2898 ultra
846 2864 989 2900 modum
1010 2866 1232 2898 incrassatum
1260 2871 1334 2907 est,
1362 2875 1425 2898 nec
1447 2864 1541 2898 basin
1566 2866 1697 2899 tantum
1716 2892 1724 2908 ‚
1752 2864 1811 2899 sed
1831 2864 2007 2899 dimidiam

275 2939 347 2972 fere
363 2938 559 2973 ovariorum
576 2946 708 2985 partem
723 2939 881 2973 occultat.

324 3011 405 3045 Aliis
416 3023 555 3058 quoque
571 3011 701 3046 ordinis
718 3012 865 3046 universi
881 3011 1134 3047 characteribus
1151 3012 1209 3059 qui
1224 3012 1400 3059 generales
1414 3010 1656 3057 credebantur,
1672 3028 1689 3045 ιι
1708 3012 1866 3060 Capsulae
1881 3013 2006 3047 scilicet

274 3084 363 3118 intus
380 3084 541 3129 bivalves‚
561 3086 775 3134 marginibus
788 3086 963 3121 valvarum
983 3086 1189 3121 seminiferis
1207 3099 1223 3118 »
1248 3084 1354 3132 (Juss.
1380 3084 1402 3118 l.
1429 3083 1478 3130 e.)
1497 3093 1554 3119 aut
1572 3099 1588 3118 «
1610 3085 1768 3133 Carpidia
1793 3088 1906 3120 sutura
1927 3097 2005 3119 ven-
