2541 3936
1087 487 1224 532 (51)

301 576 447 608 minibus
474 576 636 621 stylisque
662 577 770 621 petala
794 576 1090 622 subzequantibus,
1116 576 1259 622 capsulis
1284 575 1405 617 ovatis,
1428 575 1553 617 acutis,
1573 575 1692 608 foliolis
1714 575 1871 621 calycinis
1901 575 2007 622 duplo

301 647 442 693 triplove
473 647 694 694 longioribus.

338 718 521 757 Hypericum
537 725 681 747 erectum.
699 718 838 746 Masson!
856 720 926 748 Mss.
944 731 978 747 ex
997 719 1116 747 Madent
1130 720 1159 747 in
1174 720 1248 747 herb.
1274 720 1379 747 Banks.
1399 719 1481 747 1768.

338 781 520 821 Hypericum
536 781 723 809 Canariense.
748 782 910 809 Brousson!
928 782 1015 810 Herh.
1041 792 1099 810 non
1114 782 1200 810 Linn.

340 845 522 883 Hypericum
538 844 763 884 grandifolium.
789 845 893 882 Clzoisy
912 846 999 872 Prod.
1024 846 1102 872 Mon.
1126 846 1204 882 Hyp.
1228 856 1257 882 p.
1280 846 1327 873 38.
1351 846 1405 872 [ab.
1431 846 1459 874 3.
1488 846 1549 873 Dc.
1576 846 1660 874 Prod.
1694 848 1718 872 l.
1744 845 1810 872 544.

342 908 572 937 Androsaemum
596 908 806 937 Webbianum.
830 908 939 945 Spaclz.
964 909 1063 935 Saites
1083 909 1100 935 ἁ
1126 907 1239 946 Bzffn.
1266 908 1321 935 vol.
1346 908 1373 935 5.
1398 919 1427 944 p.
1456 906 1522 935 418.

344 971 562 1007 Corazoncillo,
587 971 773 1007 Malforado,
799 976 829 999 et
839 970 935 999 Yerva
949 970 987 999 de
1009 979 1108 999 cruces
1131 971 1290 998 incolarum.

348 1038 432 1069 ΗΑΒ.
456 1039 519 1069 Per
543 1047 661 1069 omnes
688 1035 812 1069 insulas
837 1034 1013 1077 Canarias,
1040 1034 1073 1067 in
1109 1033 1257 1068 dumetis
1288 1042 1322 1068 et
1340 1035 1550 1069 convallibus
1574 1037 1682 1080 siccis,
1705 1037 1855 1083 vulgare.
1877 1038 2007 1071 Crescit

299 1108 527 1154 copiosissime
561 1108 647 1141 circa
689 1107 863 1141 laurorum
899 1107 1008 1154 sylvas
1040 1107 1072 1140 in
1108 1106 1282 1140 montibus
1313 1107 1491 1141 Tenerifsae
1527 1107 1721 1142 borealibus
1754 1116 1787 1143 et
1818 1108 2008 1143 occidenta-

299 1180 403 1223 libus,
436 1187 539 1225 atque
569 1180 601 1212 in
629 1179 752 1213 eistetis
777 1192 814 1213 ac
842 1179 1123 1214 dendro-ericetis
1148 1180 1236 1214 inter
1268 1193 1338 1214 200
1366 1188 1400 1214 et
1433 1192 1522 1214 1200
1555 1179 1674 1226 hexap.
1712 1193 1737 1213 s.
1771 1193 1817 1213 m.
1847 1181 2009 1227 Legimus

298 1253 398 1286 etiam
423 1252 456 1285 in
483 1263 617 1285 summo
648 1253 816 1285 montium
844 1253 1160 1286 Lancerottensium
1181 1253 1267 1299 jugo
1294 1253 1370 1287 Las
1393 1253 1547 1286 pertitas
1571 1250 1612 1285 de
1640 1250 1797 1286 Clzaclze.
1825 1254 1862 1285 In
1888 1253 2010 1299 pinetis

299 1323 518 1365 celsioribus,
552 1324 597 1356 ob
622 1323 683 1357 soli
710 1323 922 1365 ariditatem,
957 1324 1112 1368 aerisque
1134 1324 1403 1365 inclementiam,
1426 1324 1575 1357 occurrit
1606 1323 1706 1356 ramis
1729 1323 1953 1358 debilioribus
1978 1333 2010 1357 vt

300 1397 387 1431 foliis
411 1398 553 1442 anguste
579 1396 784 1429 lanceolatis.
813 1396 928 1428 Floret
954 1407 1015 1441 per
1043 1403 1153 1429 totum
1178 1408 1319 1428 annum.

346 1471 501 1502 Dismm.
530 1479 632 1501 GEoc.
666 1468 784 1501 Planta
809 1467 1020 1500 Canariensis
1043 1475 1077 1500 et
1096 1466 1314 1501 Maderensis.

334 1539 420 1568 Dese.
443 1539 561 1568 Fnurlzx
591 1537 795 1576 3-4-pedalis‚
823 1548 975 1575 ramosus,
1005 1538 1143 1574 soliosus,
1171 1537 1317 1574 diffusus,
1343 1538 1451 1567 cortice
1480 1538 1565 1573 laevi,
1590 1538 1771 1567 rubricante.
1804 1538 1883 1567 Ram
1913 1540 2008 1578 cylin-

293 1604 410 1639 dracei,
428 1602 558 1638 debiles,
579 1602 771 1631 erectiusculi
785 1625 791 1638 ,
807 1602 933 1631 ramulis
953 1604 1102 1631 arcuatim
1126 1601 1301 1640 pensilibus.
1329 1601 1419 1630 Fom
1444 1600 1685 1640 1—3-pollicaria,
1708 1602 1777 1642 {A}
1794 1603 1911 1632 circiter
1932 1604 2004 1642 poll.

294 1668 375 1703 lata,
399 1666 527 1703 sessilia,
553 1673 661 1703 ovata,
689 1673 743 1696 aut
764 1665 1055 1701 ovato-lanceolata,
1079 1666 1175 1694 rarius
1198 1664 1380 1701 lanceolata,
1406 1664 1471 1693 basi
1491 1664 1612 1701 latiora,
1640 1665 1780 1702 cordata,
1803 1666 2010 1706 subamplcxi-

295 1731 409 1768 caulia,
438 1731 519 1769 apice
544 1731 671 1766 obtusa,
692 1729 914 1770 subapiculata,
940 1730 1072 1768 margine
1100 1729 1234 1767 integra,
1260 1727 1455 1763 subsinuata,
1481 1728 1729 1764 membranacea,
1759 1732 1849 1768 supra
1885 1732 2009 1768 viridia,

294 1796 400 1824 subtus
432 1795 665 1834 glaucescentia,
691 1795 866 1823 tenuissime
895 1793 1246 1833 pellucido—perforata,
1288 1803 1429 1827 nervosa,
1458 1794 1557 1822 nervis
1593 1793 1730 1829 elevatis,
1772 1795 2009 1832 rufescentibus,

295 1859 426 1888 nervulis
445 1859 786 1898 reticulato-pellucidis.
811 1858 976 1887 PEDUNcuu
1000 1856 1191 1892 terminales,
1213 1856 1355 1893 solitarii,
1377 1864 1430 1886 aut
1447 1857 1633 1896 corymbosi,
1654 1858 1811 1895 3-5-flori,
1832 1859 1877 1888 his
1899 1868 1950 1889 aut
1968 1868 2011 1890 ter

294 1924 421 1961 3-t0n1i,
447 1924 504 1954 sub
526 1924 597 1954 flore
618 1924 785 1959 articulati,
810 1923 849 1952 ad
874 1922 1082 1952 trichotomias
1100 1928 1130 1950 et
1149 1921 1291 1950 articulos
1307 1921 1469 1958 bracteati,
1492 1921 1619 1950 bracteis
1636 1920 1816 1958 linearibus,
1839 1930 1869 1952 et
1888 1923 2011 1953 lineari-

294 1986 483 2026 lanceolatis,
510 1989 763 2026 membranaceis,
789 1987 917 2017 caducis.
945 1986 1060 2016 CAm'ms
1084 1984 1195 2015 foliolis
1216 1985 1234 2014 3
1250 1985 1304 2015 lin.
1333 1984 1447 2025 longiS,
1475 1987 1488 2014 1
1519 1985 1573 2016 lin.
1600 1985 1686 2024 latis,
1711 1987 2008 2023 ovato-lanceolatis‚

293 2051 462 2089 subacutis,
495 2052 768 2092 suhinaequalihus,
800 2051 949 2088 nervosis,
978 2049 1301 2089 pellucido-punctatis
1334 2049 1504 2086 subacutis,
1531 2050 1633 2079 fructu
1663 2061 1741 2080 novo
1765 2052 2009 2090 persistentibus,

294 2115 418 2144 demum
440 2116 566 2145 caducis.
590 2117 706 2146 PETALA
730 2119 766 2145 10
788 2114 839 2144 lin.
868 2115 974 2154 longa,
1001 2114 1020 2142 3
1044 2112 1096 2141 lin.
1123 2112 1203 2149 lata,
1219 2122 1346 2149 venosa,
1368 2123 1474 2149 aurea,
1500 2113 1584 2142 extus
1607 2114 1750 2150 subrufa,
1771 2125 1917 2153 concava,
1943 2116 2006 2145 basi

294 2185 464 2216 attenuata,
488 2180 569 2219 apice
591 2180 731 2210 rotunda.
760 2180 888 2209 summ
909 2177 1053 2208 corollam
1075 2178 1242 2216 aequantia,
1265 2177 1344 2206 inter
1365 2186 1396 2205 se
1419 2177 1595 2216 inaequalia,
1626 2178 1786 2208 filameutis
1809 2181 2007 2215 tenuissimis,

294 2243 408 2280 aureis,
438 2250 490 2272 aut
513 2243 614 2273 fulvis.
640 2244 776 2273 Ovanmm
804 2244 1059 2273 ovato-conicum.
1081 2241 1205 2270 Gnsum
1225 2247 1331 2276 ovata,
1354 2240 1461 2278 saepius
1484 2240 1615 2278 deflexa,
1644 2242 1793 2281 stylorum
1815 2244 1878 2273 basi
1900 2247 2009 2284 persis-

296 2313 377 2336 tente
402 2307 560 2346 apiculata,
583 2307 621 2336 ad
646 2308 761 2347 apicem
783 2314 949 2337 attenuata.
975 2306 1089 2335 Smssm
1112 2305 1377 2340 numerosissima,
1404 2304 1505 2341 fusca,
1528 2305 1838 2345 ovato-cylindracea,
1864 2310 2009 2349 utrinqu&

296 2381 328 2399 su
333 2371 406 2399 baeu
411 2371 532 2400 minata.

769 2482 1178 2527 EXPLICATIO
1206 2481 1340 2525 TAB.
1370 2482 1448 2526 IV.
1478 2480 1528 2524 E.

350 2592 377 2612 1.
413 2581 538 2613 Ramus
568 2578 720 2613 floridus.
754 2591 788 2612 2.
817 2577 997 2612 Paniculus
1026 2575 1196 2619 fructifer,
1220 2575 1322 2610 ambo
1352 2575 1585 2622 magnitudine
1620 2576 1776 2609 naturali.
1812 2576 1845 2610 3.
1877 2577 2009 2624 Calycis

297 2653 414 2686 l'ormae
441 2652 582 2686 ‹liversae
609 2651 842 2698 magnitudine
868 2651 1022 2685 naturali.
1050 2650 1082 2694 4.
1116 2649 1281 2683 Petalum.
1313 2648 1346 2682 5.
1372 2648 1563 2681 staminum
1591 2648 1779 2682 fasciculus.
1809 2649 1843 2683 6.
1872 2651 2007 2684 Stameu

294 2726 488 2759 antrorsum
512 2725 641 2768 visum,
669 2737 748 2758 cum
771 2723 992 2770 sequentibus
1011 2731 1162 2757 auctum.
1185 2735 1218 2769 7.
1245 2721 1339 2755 Idem
1367 2722 1476 2754 visum
1504 2722 1522 2754 ὲι
1549 2720 1664 2755 dorso.
1697 2722 1730 2755 8.
1760 2723 1924 2756 Ovarium
1952 2736 2009 2769 pe-

294 2798 415 2833 (licello
446 2798 643 2845 impositum
671 2810 749 2832 cuni
780 2796 993 2844 stigmatibus
1018 2803 1052 2829 et
1078 2795 1190 2842 calyce
1223 2795 1383 2837 reversis,
1412 2794 1537 2828 corolla
1563 2801 1597 2828 et
1626 2793 1798 2828 androecio
1825 2795 2003 2843 ademptis.

295 2885 328 2918 9.
360 2873 454 2907 Idem
488 2874 675 2906 transverse
710 2879 851 2906 sectum.
891 2883 943 2904 10.
979 2869 1146 2904 Placentae
1176 2875 1252 2914 post
1283 2868 1410 2901 frucffis
1438 2868 1670 2901 maturitatem
1702 2867 1837 2912 liberae,
1865 2870 2008 2915 capsulae

294 2945 398 2980 valvis
409 2946 542 2980 avulsis.
570 2958 622 2979 11.
643 2945 878 2979 Placentarum
898 2944 993 2976 unaa
1006 2941 1136 2976 caeteris
1149 2939 1328 2986 disjuncta.
1349 2952 1402 2974 12.
1421 2942 1556 2974 Semen.
1582 2939 1634 2974 13.
1649 2940 1746 2975 Idem
1762 2941 2006 2988 longitrorsum

296 3026 426 3052 sectum
453 3031 531 3053 cum
561 3018 759 3065 embryonis
783 3017 946 3064 positura.
980 3015 1033 3059 14.
1058 3013 1222 3060 Embryo.
1254 3012 1306 3047 15.
1330 3013 1482 3047 Partium
1508 3013 1637 3048 ordinis
1659 3013 1881 3061 diagramma.
