2541 3936
1264 481 1428 526 (100)

475 575 515 621 f
524 574 680 621 glandula
698 573 821 616 minor,
838 585 865 618 g
881 571 985 605 ovarii
1003 569 1197 616 pedicellus,
1222 566 1272 601 ῘιΙι
1293 568 1431 601 valvulae
1447 568 1578 601 articuli
1596 568 1777 609 inferioris,
1797 569 1810 599 i
1834 567 1995 600 articulus
2020 566 2189 613 superior,

484 648 502 693 j
520 645 637 693 stylus,
652 644 675 678 lc
690 645 824 690 stigma.
842 655 897 689 19.
912 640 1071 687 Ejusdem
1087 639 1224 681 silicula,
1239 651 1262 672 a
1277 638 1439 672 articulus
1452 637 1603 680 inferior,
1618 637 1639 671 b
1656 637 1746 672 idem
1762 638 1930 684 superior.
1949 650 2007 671 20.
2030 637 2192 684 Ejusdem

490 717 615 751 silicula
635 717 707 750 solo
724 726 838 749 macro
855 720 972 754 enata,
993 724 1017 745 a
1032 710 1192 745 articulus
1212 710 1362 753 inferior,
1378 709 1400 743 b
1418 710 1508 744 idem
1525 711 1690 756 superior.
1709 722 1765 744 21.
1785 710 1927 744 Siliculae
1947 717 2089 744 maturae
2111 711 2192 743 arti-

491 789 585 823 culus
609 787 761 833 superior
783 793 903 833 sponte
932 783 1073 818 solutus.
1102 795 1160 816 22.
1183 782 1326 817 Siliculae
1345 782 1528 829 perlicellus
1546 794 1625 816 cum
1643 782 1784 815 articulo
1802 780 1975 824 inferiore,
1993 794 2043 815 aa
2062 782 2195 816 articuli

493 860 605 894 valvae.
625 859 683 894 23.
700 858 795 893 Idem
811 857 951 892 valvulis
965 856 1099 899 avulsis,
1114 868 1139 890 α
1151 855 1280 901 siliquae
1298 854 1493 902 pedicellus.
1512 854 1567 898 24.
1582 842 1879 900 Siliqua'Raphani
1896 853 1989 887 sativi
2006 853 2037 886 in
2055 853 2194 887 nuculas

490 938 669 973 coarctata,
686 943 711 964 a
731 929 894 964 articulus
911 928 1061 969 inferior,
1080 926 1101 960 b
1120 926 1209 961 idem
1227 927 1392 973 superior.

522 1005 582 1029 OBs.
600 1005 659 1029 Jam
674 1010 718 1028 nos
730 1004 760 1027 ab
775 1009 839 1027 auno
853 1003 917 1026 1826
930 1000 1087 1028 antecedens,
1103 999 1288 1024 Brassicearum
1303 1000 1397 1024 tribum
1412 999 1463 1024 tere
1484 1005 1604 1030 nostram,
1621 1002 1688 1026 inter
1705 1006 1793 1025 aureas
1813 999 1843 1023 de
1860 997 1983 1028 savignya
2000 997 2195 1024 observationes,

490 1062 620 1086 constituit
635 1062 670 1086 ill.
684 1061 713 1085 R.
731 1061 821 1085 Brown
836 1059 904 1090 (Vid.
917 1058 976 1082 Obs.
991 1064 1022 1082 on
1039 1058 1122 1089 planis
1136 1057 1163 1080 or
1174 1056 1256 1081 Oudn.
1271 1056 1352 1080 Denh.
1374 1057 1462 1087 Clapp.
1480 1064 1534 1087 pag.
1554 1058 1599 1088 7.).
1616 1057 1687 1090 Quod
1706 1061 1789 1081 tamen
1802 1063 1875 1081 omne
1887 1057 1962 1081 modo
1979 1054 2055 1088 plane
2067 1054 2196 1084 ignoraba-

490 1126 554 1146 mus,
570 1120 647 1143 donec
658 1117 816 1143 Lobulariam
831 1116 901 1140 nobis
914 1114 1108 1143 investigandam
1122 1113 1283 1142 suscepimus,
1297 1120 1398 1143 perrara
1411 1113 1476 1138 enirn
1492 1114 1604 1144 nimium,
1621 1114 1744 1144 pretiique
1761 1113 1875 1138 immanis
1893 1114 2010 1144 opuscula
2027 1112 2068 1136 illa
2087 1111 2193 1141 egregia.

490 1177 542 1201 Illic
566 1175 697 1200 Brassieeis
717 1180 808 1204 genera
829 1173 911 1197 omnia
932 1172 1021 1203 quihus
1041 1172 1199 1201 cotyledones
1216 1172 1394 1202 conduplicatas
1414 1173 1503 1201 reddit,
1520 1172 1627 1203 aliaque,
1647 1178 1702 1202 quae
1719 1175 1792 1200 tacet,
1806 1171 1878 1196 aliter
1895 1174 2046 1199 constructa,
2060 1169 2136 1194 addit.
2152 1168 2196 1192 His

491 1233 591 1261 ultimis,
605 1233 788 1262 seminibusque
801 1231 928 1260 Savignyae
941 1229 1020 1257 alatis,
1037 1228 1133 1252 minimi
1151 1229 1270 1253 momenti
1282 1235 1349 1257 casu,
1363 1229 1537 1253 Botanicorum
1551 1229 1650 1258 choregi
1665 1228 1752 1252 ordine
1767 1228 1846 1251 trihus
1862 1229 1911 1252 hzec
1927 1231 2011 1251 nostra
2024 1226 2197 1251 tantummodo

492 1290 584 1318 differt,
599 1297 641 1314 sua
653 1290 712 1320 ergo
724 1289 833 1316 omnino,
848 1295 892 1312 nec
908 1290 1001 1314 nostra.
1015 1285 1041 1313 in
1054 1290 1179 1318 posterum
1194 1287 1315 1312 censenda
1330 1291 1374 1311 est.
