2541 3936
1257 461 1268 499 (,
1304 456 1381 495 166
1413 458 1424 498 )

544 552 792 594 SUFFRUTEX
823 548 1009 606 pedalis,
1026 546 1217 602 rigidus,
1237 544 1509 593 salsolo‘ides,
1540 543 1858 586 erectiusculus
1884 550 1963 585 aut
1984 542 2196 593 diffusus,

486 637 607 691 ligno
623 632 786 675 fibroso
806 630 947 680 luteo,
967 627 1130 670 cortice
1146 626 1339 678 cinereo,
1356 625 1429 667 vel
1444 624 1713 676 albescente,
1732 624 1869 667 ramis
1886 624 2108 667 intricatis
2127 640 2198 666 no-

484 716 613 764 dosis,
631 711 800 755 albidis.
817 710 952 752 Fom
970 709 1191 766 opposita,
1209 707 1400 750 demum
1419 706 1468 747 in
1485 706 1626 748 axillis
1642 705 1915 756 fasciculam,
1932 705 2092 748 sessilia
2108 720 2199 762 spa-

483 792 873 838 thulato—linearia
892 825 901 843 ,
934 805 1078 834 crassa
1095 823 1104 841 ‚
1142 789 1299 846 glabra
1317 822 1326 841 ,
1361 786 1683 830 mucronulata
1702 819 1711 838 ,
1746 785 1922 842 stipulis
1960 784 2197 838 brevibus,

484 877 689 932 hyalinis.
716 874 888 917 FLoxffls
904 873 953 915 in
969 886 1122 928 cymas
1151 870 1478 922 breviusculas,
1510 869 1818 924 dichotomas,
1835 866 1891 909 ad
1911 868 2198 909 ramulorum

483 958 770 1001 novellorum
799 956 938 1009 apices
968 953 1183 1009 congesti,
1211 953 1392 1002 sessiles,
1426 951 1647 1009 pedicellis
1676 949 1958 1006 compressis,
1991 948 2197 999 clavatis,

484 1039 732 1083 bracteatis.

529 1127 607 1155 mes.
629 1121 762 1154 Semina
784 1119 923 1165 hujusce
940 1117 1053 1162 stirpis
1075 1123 1206 1149 matura
1224 1115 1459 1148 botanicorum
1476 1113 1589 1146 nullus
1602 1112 1713 1146 adhuc
1725 1112 1826 1154 vidit,
1849 1113 2030 1159 specimina
2048 1113 2138 1146 enim
2155 1111 2200 1146 di—

482 1184 584 1215 versis
602 1181 798 1226 quanquam
812 1178 890 1212 anni
912 1175 1124 1222 temporibus
1145 1175 1226 1208 lecta
1244 1201 1251 1216 ,
1275 1174 1449 1219 nunquam
1466 1173 1498 1206 in
1519 1171 1684 1206 herbariis
1696 1172 1868 1206 fructifera
1884 1180 2068 1206 occurrunt
2084 1200 2091 1215 ,
2109 1171 2199 1206 unde

481 1257 574 1289 citios
603 1252 759 1287 decidere
785 1249 974 1298 capsulam,
991 1256 1093 1294 atque
1113 1248 1183 1294 ipsa
1200 1255 1369 1281 maturare
1393 1248 1493 1280 arena
1511 1246 1629 1292 liquet.
1657 1246 1777 1279 Semen
1804 1246 1941 1279 unicum
1971 1254 2146 1279 maturum
2165 1246 2195 1278 in

483 1327 691 1361 Lessertiano
715 1323 851 1359 tandem
870 1334 932 1368 pro
947 1321 1047 1355 nobis
1062 1321 1188 1354 invenit
1213 1320 1255 1354 cl.
1276 1320 1457 1362 Decaisne,
1482 1327 1516 1352 et
1537 1330 1577 1352 ex
1598 1318 1726 1364 optima
1750 1317 1823 1363 ejus
1843 1318 2047 1365 sciagraphia
2066 1326 2198 1364 sumpta

481 1409 529 1434 ast
547 1399 730 1445 descriptio
750 1405 878 1430 nostra.

529 1475 602 1506 Non
627 1472 756 1505 tantun]
775 1469 912 1511 habitu,
937 1468 993 1501 sed
1013 1475 1046 1500 et
1066 1466 1180 1500 ovario
1202 1465 1397 1499 adliaerente
1415 1491 1422 1506 ‚
1447 1466 1465 1498 a
1481 1462 1725 1509 Paronychz'ci
1748 1463 1861 1498 differt
1886 1464 2195 1511 Gymnocarpum.

481 1549 560 1580 Arte
591 1555 730 1590 quoque
749 1550 783 1576 et
804 1542 874 1576 sine
895 1541 1052 1582 laesione,
1072 1546 1233 1573 monente
1250 1538 1292 1572 cl.
1316 1538 1479 1571 Dec-aisne
1497 1563 1506 1580 ,
1524 1538 1634 1571 fructu
1660 1537 1761 1570 etiam
1786 1544 1945 1580 maturo,
1972 1540 1991 1571 a
2010 1537 2199 1584 micropyia

482 1621 575 1653 facile
601 1625 780 1652 amovetur
799 1615 932 1649 chataza
948 1639 956 1656 ,
972 1613 1042 1647 hilo
1070 1613 1157 1646 inter
1170 1624 1225 1645 eas
1243 1611 1275 1644 in
1295 1610 1446 1644 anfractu
1463 1610 1597 1652 relicm,
1614 1609 1704 1644 unde
1730 1611 1818 1644 inter
1840 1610 2149 1657 campylotropiam
2167 1618 2200 1643 et

481 1690 871 1738 nnatropiamambigere
880 1685 1138 1733 quodaminodo
1147 1684 1294 1727 videtur,
1308 1692 1342 1718 et
1356 1683 1482 1730 raphcn
1499 1682 1614 1717 adesse
1631 1682 1813 1729 quamdam
1824 1694 1959 1716 necesse
1974 1691 2036 1716 est.
2055 1684 2103 1716 Ea
2116 1684 2198 1716 vero

482 1765 603 1798 fabrica
624 1766 642 1797 a
659 1759 927 1807 Pat‘orgyclzieis
946 1758 1074 1792 caeteris
1090 1758 1211 1804 partlm
1235 1756 1381 1800 recedit,
1400 1756 1546 1802 quibus,
1579 1756 1732 1801 quamvis
1751 1756 1926 1802 propiores
1950 1755 2015 1789 sint
2038 1756 2141 1801 quam
2167 1755 2197 1788 in

486 1840 741 1882 Gsmnocatpo
761 1833 897 1868 seminis
924 1839 1055 1879 partes,
1079 1831 1186 1865 hilum
1206 1839 1338 1872 tamen,
1370 1838 1404 1864 et
1420 1829 1587 1863 chalazam
1603 1857 1610 1872 ,
1626 1830 1822 1874 nunquam,
1842 1837 1879 1862 ut
1902 1829 1935 1862 in
1966 1826 2200 1875 Catyoplzyl-

481 1911 546 1944 leis
567 1918 599 1943 et
618 1908 894 1955 Pohrcarpieis,
911 1917 950 1938 ex
963 1912 1049 1946 toto,
1071 1912 1130 1937 aut
1144 1903 1212 1937 fere
1228 1915 1267 1936 ex
1290 1910 1376 1945 toto,
1393 1902 1578 1937 coalescere
1599 1900 1755 1935 vidimus.

705 2054 1242 2101 GYMNOCARPUM
1289 2052 1745 2097 DECANDRUM.
1789 2051 1969 2094 FORSK.

519 2179 765 2217 Gymuocarpum
787 2173 984 2203 decandsum.
1011 2172 1052 2199 Fl.
1077 2172 1264 2209 AEg.-Arab.
1290 2181 1357 2207 pag.
1376 2169 1425 2199 65.
1449 2169 1488 2197 lc.
1507 2169 1562 2197 tab.
1588 2171 1635 2197 10.
1648 2149 1741 2206 ⁴Desf.
1770 2168 1815 2196 Fl.
1833 2169 1896 2196 All.
1918 2169 1967 2196 vol.
1994 2170 2021 2196 1.
2042 2178 2108 2206 pag.
2128 2169 2196 2196 203.

489 2242 606 2270 s'l.-H1'l.
625 2241 712 2271 Me‘m.
730 2239 806 2266 Mus.
824 2238 875 2267 vol.
897 2238 926 2265 2.
943 2247 1012 2274 pag.
1029 2235 1098 2264 278.
1119 2235 1198 2263 Juss.
1217 2233 1282 2261 ibid.
1303 2243 1372 2271 pag.
1391 2233 1460 2261 388.
1481 2232 1549 2260 Via.
1567 2231 1612 2259 Fl.
1630 2232 1692 2259 Lib.
1711 2231 1793 2270 Spec.
1811 2241 1878 2269 pag.
1900 2231 1946 2260 13.
1965 2230 2018 2259 tab.
2038 2232 2082 2259 10.
2094 2230 2154 2270 fig.
2171 2233 2196 2258 1.

480 2309 515 2336 R.
532 2309 641 2335 Brown.
660 2306 738 2343 App.
760 2303 852 2332 Oudn.
872 2308 896 2330 et
914 2301 1015 2340 Clapp.
1028 2310 1098 2337 pag.
1115 2299 1163 2328 36.

519 2369 719 2400 Trianthema
736 2367 887 2396 fruticosa.
909 2365 998 2393 Valal.
1011 2363 1113 2403 SJ-mb.
1132 2366 1185 2392 vol.
1202 2365 1227 2391 1.
1241 2373 1311 2402 pag.
1328 2363 1377 2392 32,

519 2437 767 2474 Gymnocarpum
780 2432 961 2461 fruticosum
974 2429 1055 2457 Pers.
1069 2429 1142 2467 Syn.
1160 2429 1210 2456 vol.
1227 2430 1252 2455 1.
1270 2438 1342 2466 pag.
1358 2426 1428 2456 636.
1447 2427 1514 2455 DC.
1531 2426 1618 2455 Prod.
1634 2426 1686 2455 vol.
1704 2426 1733 2455 3.
1748 2436 1819 2463 pag.
1837 2425 1905 2454 369.

531 2505 612 2535 ΗΑΒ.
634 2502 670 2533 In
686 2496 924 2546 promontorio
941 2494 1119 2528 Tenerifsae
1135 2492 1193 2527 del
1208 2493 1350 2540 Agujtz,
1364 2492 1423 2525 ubi
1440 2492 1557 2525 insulae
1576 2491 1762 2526 continenti
1779 2491 2006 2533 connectitur,
2025 2492 2109 2524 inter
2122 2503 2196 2525 saxa

482 2587 596 2622 aspera
627 2571 837 2612 aridissima,
871 2567 1038 2615 spiraculo
1063 2566 1212 2612 quodam
1246 2565 1420 2611 ignivomo
1440 2564 1614 2610 quondam
1653 2564 1790 2610 rejecta,
1821 2573 1855 2598 et
1884 2565 2020 2598 Oceano
2049 2564 2197 2610 undique

484 2648 634 2681 obversa.

532 2723 686 2754 DisTmB.
709 2729 813 2753 onoc.
835 2719 872 2750 ln
900 2716 1039 2762 AEgypti
1060 2713 1201 2748 desertis
1224 2711 1385 2758 (Forsk.
1420 2710 1595 2745 Auclzet‘!
1619 2711 1779 2757 Bovel).
1807 2711 2016 2746 Alexandriae
2032 2712 2075 2746 ad
2106 2723 2196 2744 mare

488 2791 681 2839 x'JIontbmt
695 2796 706 2825 Ι
719 2791 732 2837 )
746 2819 753 2834 ,
773 2789 861 2824 unde
878 2801 937 2835 per
953 2789 1172 2835 Cyrenaicam
1185 2785 1313 2831 (Della
1329 2783 1464 2830 Cella.)
1478 2811 1485 2825 ,
1505 2792 1538 2818 ct
1552 2784 1685 2818 deserta
1704 2785 1880 2819 Numidica
1897 2784 2171 2832 (Desy‘bntaines
2185 2788 2198 2817 Ι

487 2864 659 2911 Oudneyl
674 2864 708 2910 ),
725 2864 767 2898 ad
784 2863 908 2898 insulas
929 2860 1145 2896 Canarienses
1162 2859 1270 2902 usque
1290 2856 1518 2903 protenditur.
