2541 3936
1292 438 1458 483 (196)

564 530 646 558 Dasc.
665 528 765 557 cinus
785 526 943 555 fruticosus
957 546 964 561 ,
990 531 1116 553 erectus.
1139 523 1162 551 F
1164 534 1228 552 οιιΑ
1245 533 1350 561 magna
1361 545 1368 558 ,
1384 521 1733 561 spathulato-lanceolata
1747 543 1754 557 ‚
1770 521 1832 549 basi
1847 527 2004 549 attenuata
2018 542 2024 556 ‚
2046 522 2075 548 in
2097 520 2228 548 rosulam

524 592 719 621 laxiusculam
731 589 879 619 stellatam
895 593 1058 625 aggregata,
1070 586 1258 624 glaberrima,
1273 584 1375 613 lucida
1385 607 1393 621 ,
1408 584 1782 622 glauco-vi1·esce11tia‚aut
1796 584 1826 611 in
1836 583 1943 621 apricis
1954 582 2168 618 rubrescenfia,
2184 584 2229 610 in·

525 655 630 682 durata
643 676 651 689 ,
666 652 846 682 stomatibus
861 650 1048 679 creberrimis
1063 650 1198 677 minimis
1221 650 1306 688 quasi
1325 648 1531 686 puncticulato
1546 664 1560 669 -
1574 646 1715 675 lineolata
1728 668 1736 679 ‚
1752 647 1884 684 margine
1903 646 2004 684 potius
2023 645 2229 684 cartilagineo-

527 723 635 745 serrata
649 717 741 754 quam
757 714 856 743 ciliata
866 735 874 750 ‚
886 714 969 752 apice
981 713 1011 741 in
1030 722 1207 742 mucronem
1221 712 1334 741 durum
1348 722 1508 741 recurvum
1523 717 1681 749 protracta.
1699 709 1805 738 Tnvnsx
1821 719 1901 737 nunc
1912 708 2141 747 sesquipedales,
2151 719 2229 736 nunc

525 778 788 818 sesquibrachiales
800 800 807 814 ,
830 777 955 806 ramulis
974 776 1116 815 elongatis
1127 797 1137 810 ‚
1160 775 1389 804 ascendentibus
1403 797 1410 812 ,
1427 775 1536 812 nudis,
1552 775 1635 813 apice
1650 773 1817 812 cymigeris.
1835 773 1946 801 Feoiffis
1966 773 2144 801 virescentes
2155 793 2163 806 ‚
2179 778 2231 799 aut

528 842 587 871 sole
602 842 732 880 percussi
747 841 785 870 ad
797 840 966 879 petalorum
976 841 1089 868 carinas
1099 838 1234 867 lateritii.
1250 838 1341 867 CAer
1353 838 1565 867 craterisormis
1578 859 1585 873 ,
1598 839 1615 865 7
1626 854 1637 859 -
1652 839 1688 866 8-
1700 836 1788 872 fidus,
1799 836 1915 864 laciniis
1928 834 2109 869 lanceolatis,
2124 834 2229 869 acutis,

524 905 630 934 leviter
643 903 1082 944 glanduloso-puhescentibus.
1100 902 1213 930 PETALA
1225 901 1523 937 lineari-lanceolata,
1539 908 1591 930 aut
1605 901 1745 936 linearia,
1761 906 1857 928 acuta.
1872 899 2038 927 FlLAMENTA
2046 898 2127 935 apice
2142 896 2232 925 subu-

525 969 584 998 lata
594 991 601 1004 ‚
615 969 724 997 sensim
735 967 871 1002 dilatata,
884 966 1022 995 breviora
1037 964 1142 1003 petalis
1156 964 1292 1002 opposita
1305 986 1312 999 ‚
1328 964 1444 993 latiora.
1461 964 1607 992 ANTHERAE
1619 970 1723 999 ovatae,
1735 963 1929 1001 pubescentes
1940 983 1947 997 ,
1958 960 2121 999 apiculatae.
2141 959 2231 993 59οΑ-

528 1043 577 1060 MAE
589 1041 734 1060 PERIGYNAE
749 1036 920 1069 tetragonae,
933 1029 1041 1067 planae,
1055 1034 1172 1062 tenues,
1184 1026 1353 1064 diaphanae‚
1364 1027 1446 1063 apice
1457 1033 1487 1054 et
1500 1026 1645 1055 lateribus
1664 1026 1863 1064 emarginatae.
1881 1024 1993 1054 OVARIA
2007 1023 2152 1061 elongata,
2167 1032 2231 1060 gra-

526 1095 594 1125 cilia
608 1117 615 1131 ,
640 1095 749 1133 angulo
774 1094 916 1123 interiore
940 1092 1130 1126 acutissimo,
1146 1090 1246 1128 plano,
1264 1089 1435 1127 diaphano,
1455 1096 1535 1117 recto
1549 1111 1556 1124 ,
1576 1089 1719 1118 lateribus
1737 1088 1900 1126 pustulata.
1919 1087 1999 1115 Srru
2013 1087 2086 1115 recti
2106 1085 2230 1114 demum

526 1159 631 1187 leviter
646 1157 772 1186 recurvi.
790 1156 935 1184 STIGMATA
946 1160 1045 1189 acuta,
1057 1162 1127 1181 mox
1141 1152 1280 1190 capitata.
1294 1151 1393 1179 Ovum
1412 1152 1668 1187 numerosissima,
1684 1152 1926 1190 elongato-ovata
1940 1173 1947 1186 ,
1961 1150 2024 1178 basi
2037 1155 2134 1185 acuta,
2149 1149 2230 1186 apice

524 1220 642 1249 obtusa.
659 1219 817 1248 PLACENTAE
838 1220 855 1246 a
867 1217 1000 1255 margine
1020 1216 1162 1244 interiore
1180 1214 1287 1243 leviter
1302 1220 1437 1243 curvatae.
1452 1213 1542 1242 cocci
1561 1213 1738 1243 follicularia
1750 1236 1757 1249 ,
1774 1213 1909 1252 elongata
1920 1235 1927 1249 ‚
1943 1212 2005 1241 basi
2016 1222 2068 1250 per
2082 1211 2231 1249 diruptio-

525 1294 594 1312 nem
609 1283 701 1321 partis
716 1282 816 1310 liberae
831 1279 1020 1310 dehiscentia.

1138 1399 1442 1428 EXPLICATIO
1473 1399 1582 1428 TAB.
1617 1389 1681 1427 35.

579 1506 607 1526 1.
623 1492 775 1538 Thyrsus
789 1490 931 1524 floridus
949 1490 991 1523 ad
1009 1490 1138 1523 tertiam
1158 1489 1354 1523 diminutus.
1382 1502 1414 1523 2.
1432 1490 1592 1523 Ramulus
1605 1489 1744 1523 floridus
1763 1489 1994 1535 magnitudine
2011 1489 2165 1522 naturali.
2191 1488 2223 1521 3.

524 1565 657 1598 Folium
681 1563 913 1610 magnitudine
938 1562 1091 1595 naturali.
1116 1561 1149 1604 4
1165 1561 1268 1606 Calyx
1285 1573 1363 1594 cum
1382 1561 1601 1606 sequentibus
1616 1569 1745 1594 auctus.
1768 1560 1800 1594 5.
1824 1561 1961 1594 Corolla
1976 1572 2054 1594 cum
2075 1561 2227 1594 stamini—

526 1638 588 1670 bus
605 1637 637 1669 in
657 1635 819 1669 annulum
835 1641 986 1668 connata.
1003 1633 1038 1666 6.
1057 1632 1214 1666 Staminis
1227 1644 1310 1678 apex
1325 1643 1403 1665 cum
1414 1632 1563 1665 anthera.
1585 1644 1618 1678 7.
1633 1633 1778 1677 Squama
1788 1632 1961 1678 perigyna.
1983 1633 2016 1666 ὃ.
2029 1632 2228 1678 Gynaecium

526 1720 602 1741 cum
624 1707 717 1741 disco
732 1706 918 1753 hypogyno
934 1704 1046 1738 medio
1068 1712 1197 1737 sectum
1213 1730 1220 1746 ,
1239 1702 1379 1745 corolla,
1402 1703 1584 1737 androecio
1598 1729 1606 1746 ,
1627 1711 1661 1737 et
1676 1704 1824 1749 squamis
1839 1704 1961 1737 avulsis
1974 1730 1982 1745 ,
1998 1711 2036 1737 ut
2049 1712 2230 1749 appareant

526 1780 636 1814 ovaria
655 1779 823 1812 columnae
839 1777 977 1811 centrali
992 1776 1102 1810 affixa.
1122 1789 1156 1822 9.
1174 1777 1335 1810 Ovarium
1352 1776 1481 1810 valvula
1499 1777 1602 1810 altera
1630 1776 1740 1810 ablata
1761 1783 1797 1809 ut
1814 1783 1994 1822 appareant
2012 1775 2177 1821 placenta,
2195 1784 2228 1809 et

525 1853 634 1887 ovula.
658 1863 708 1885 10.
729 1850 1011 1897 Receptaculiseu
1022 1849 1102 1884 disci
1117 1849 1290 1896 hypogyni
1304 1849 1691 1883 alveoliovariisablatis.

903 2002 1208 2069 AEONIUM
1238 2000 1692 2045 CANARIENSE.
1725 2001 1845 2043 Noss.

573 2109 628 2142 AE.
641 2109 734 2142 caule
750 2108 975 2150 sussruticoso,
993 2120 1124 2151 crasso,
1140 2108 1228 2141 soliis
1249 2108 1379 2153 magnis
1394 2106 1773 2153 obovato-spathulatis‚
1792 2106 1938 2140 molliter
1952 2106 2226 2153 pubescentibus,

529 2181 746 2224 mucronatis,
757 2181 788 2214 in
798 2178 963 2227 petiolum
973 2180 1167 2223 attenuatis,
1177 2180 1352 2214 floralibus
1360 2179 1530 2213 sessilibus
1538 2178 1742 2222 rotundatis;
1755 2178 1870 2226 thyrso
1880 2178 2087 2222 laxiusculo„
2098 2179 2228 2221 folioso‚

528 2254 666 2287 ramulis
677 2254 769 2299 apice
785 2252 984 2299 regulariter
996 2252 1198 2295 2-3-tomi53
1210 2252 1356 2285 floribus
1366 2251 1488 2298 pallide
1501 2251 1639 2294 citrinis,
1654 2251 1841 2297 7-9-meris,
1849 2251 1956 2298 calyce
1972 2252 2203 2297 campanulato
2220 2278 2228 2294 ‚

524 2326 656 2368 villoso,
675 2325 792 2371 petalis
803 2324 984 2358 linearibus
1001 2351 1009 2367 ,
1024 2323 1204 2357 filamentis
1217 2323 1453 2366 filiformibus,
1471 2322 1618 2357 antheris
1633 2324 1740 2357 ovatis
1755 2323 1943 2369 apiculaffls,
1961 2323 2107 2369 squamis
2124 2324 2230 2369 planis

526 2395 862 2443 subtriangularibus,
882 2395 975 2441 apice
994 2395 1132 2441 integris
1147 2402 1206 2428 aut
1220 2395 1372 2429 obsolete
1385 2395 1538 2429 crenatis.

565 2468 678 2498 Sedum
694 2468 791 2505 majus
802 2466 985 2496 Canarinum
1000 2467 1108 2494 ἄκαυλον
1123 2466 1193 2504 pilis
1213 2466 1252 2494 ad
1272 2476 1337 2495 oras
1351 2466 1494 2495 foliorum
1510 2467 1639 2505 hispidis
1652 2466 1909 2505 argenteo-lucidis
1928 2466 2126 2497 fimbriatum.
2141 2467 2225 2495 Pluk.

524 2533 677 2571 Alm.pa9.
691 2531 760 2561 340.
779 2530 916 2569 Phylogr.
935 2530 989 2558 vol.
1005 2529 1032 2559 4.
1050 2531 1105 2559 tab.
1118 2529 1186 2560 314.
1199 2529 1255 2568 fig.
1268 2531 1294 2558 1.

563 2596 676 2624 Seduni
685 2595 866 2624 Canarinum
881 2593 961 2622 foliis
972 2594 1111 2622 omnium
1127 2593 1275 2622 maximis.
1293 2593 1421 2623 Commel.
1440 2595 1520 2622 Horl.
1539 2595 1629 2622 Amst.
1648 2595 1699 2624 vol.
1717 2596 1746 2624 2.
1761 2605 1832 2633 pag.
1850 2595 1915 2624 189.
1936 2595 1989 2624 tab.
2006 2595 2054 2624 95.
2073 2593 2125 2623 ubi
2140 2593 2228 2623 folio-

527 2671 594 2689 rum
607 2660 736 2690 rosulam
746 2667 781 2689 ut
791 2666 822 2689 et
836 2659 1031 2688 Plukenetius
1045 2658 1218 2689 delineavit.

563 2724 792 2762 Sempervivum
806 2723 992 2753 Canariense.
1006 2724 1091 2753 Linn.
1106 2724 1160 2762 Sp.
1183 2722 1230 2751 Pl.
1250 2724 1301 2753 vol.
1321 2725 1345 2752 1.
1359 2734 1426 2762 pag.
1445 2723 1513 2753 664.
1533 2724 1596 2753 DC.
1609 2724 1654 2752 Pl.
1680 2724 1764 2754 Gras.
1785 2724 1838 2753 (ab.
1861 2723 1913 2752 141
1932 2723 2019 2753 Prod.
2035 2723 2089 2751 vol.
2115 2723 2144 2752 3.
2156 2733 2223 2761 pag,

524 2789 590 2818 412.
608 2789 696 2817 Btcclz.
714 2788 803 2827 Phys.
823 2788 934 2816 Beschr.
950 2788 1024 2817 Can.
1039 2788 1099 2817 Ins.
1111 2798 1181 2826 pag.
1200 2788 1266 2817 177.

564 2850 652 2889 Oreja
666 2851 702 2880 de
712 2851 808 2888 Abad,
827 2852 888 2880 sive
903 2850 1044 2879 Auricula
1054 2849 1190 2880 AbbatiS.
1201 2850 1226 2878 C
1229 2851 1425 2879 anariensium.

578 2917 662 2949 ΗΑΒ.
679 2917 716 2948 In
733 2915 945 2962 rupestribus
960 2915 1144 2949 insularum
1170 2915 1345 2948 Tenerifsae
1361 2924 1393 2949 et
1407 2916 1530 2949 Palmae
1543 2918 1561 2950 a
1583 2917 1696 2951 littore
1720 2918 1820 2951 maris
1835 2917 1874 2951 ad
1890 2917 2058 2963 margines
2080 2916 2225 2963 regionis
