2541 3936
1285 446 1452 491 (164)

512 541 680 571 lanceolaiis
691 563 698 577 ‚
714 540 841 569 hirsutis
851 561 858 575 ‚
873 537 1059 576 marginibus
1073 537 1220 571 scariosis,
1235 536 1318 573 apice
1330 532 1561 563 conniventibus
1573 555 1581 569 ,
1598 532 1824 563 subcucullatis.
1839 536 1966 563 summ
1982 535 2019 563 10
2033 533 2225 570 brevissima,

513 608 530 636 5
542 605 651 635 foliolis
666 604 807 643 calycinis
825 603 960 640 opposita
973 623 980 637 ‚
996 599 1181 629 anthei-isera
1195 621 1202 635 ‚
1223 600 1240 627 5
1260 597 1439 627 alternantia
1453 603 1579 626 castrata
1590 619 1597 633 ‚
1614 597 1653 625 ad
1671 597 1787 635 apicem
1802 597 1933 634 urceoli,
1948 608 1983 627 ex
1995 598 2103 637 calycis
2116 599 2227 628 foliolis

512 670 685 700 coadunatis
699 667 862 697 constantis
872 689 879 702 ‚
896 667 1019 700 inserta,
1035 663 1169 693 antheris
1184 663 1291 698 ovatis‚
1306 662 1369 691 basi
1385 662 1511 690 crenatis
1521 683 1528 697 ‚
1542 660 1631 690 dorso
1646 660 1800 690 filamento
1815 662 1952 698 insertis,
1968 664 2045 692 rima
2057 663 2131 692 facie
2146 664 2227 692 inte-

510 736 587 763 riore
609 731 845 762 dehiscentibus.
865 731 1004 760 OVARIUM
1021 729 1138 764 sessile,
1163 726 1513 763 ovato-subrotundum,
1530 726 1608 766 stylo
1628 736 1742 762 erasm,
1762 727 1846 765 apice
1861 728 1891 756 in
1914 728 2055 767 stigmata
2074 727 2153 764 duo,
2173 728 2226 757 de-

510 799 597 827 mum
608 797 716 826 reflexa
726 819 733 832 ,
747 795 897 835 profunde
909 795 1025 831 divisa,
1041 792 1132 823 ovulo
1147 791 1362 821 subreniformi
1378 791 1515 821 funiculo
1532 801 1629 820 crasso
1646 793 1662 821 ὲ
1676 791 1773 820 fundo
1786 798 1853 820 orto
1867 791 1961 821 affixa.
1982 792 2106 821 Cusum
2120 799 2207 821 ovata
2219 816 2226 824 ,

510 864 643 899 cinerea,
659 860 810 900 diaphana
820 883 828 897 ‚
844 857 1171 899 puncticulato-scabra
1181 879 1189 893 ‚
1201 856 1401 886 indehiscens.
1418 855 1531 884 smum
1550 855 1617 885 rufa
1627 878 1634 892 ‚
1650 856 1930 886 ovato-reniformia
1940 879 1948 894 ,
1962 858 2107 896 utrinque
2122 856 2227 886 leviten·

509 936 687 965 compressa,
702 925 796 954 laevia.
814 924 932 953 Emmwo
946 923 1061 953 serrum
1076 923 1224 961 equinum
1237 920 1367 950 referens
1378 943 1385 956 ‚
1399 920 1532 949 radicula
1542 921 1636 950 crassa
1648 943 1655 956 ‚
1668 920 1776 950 obtusa
1786 943 1793 957 ,
1806 920 2038 959 cotyledonibus
2047 920 2227 950 lanceolato-

509 990 685 1020 linearibus.

541 1056 604 1081 Ons.
621 1054 751 1086 specimen
763 1055 785 1078 1.
805 1053 966 1086 suffraticosi.
982 1052 1060 1077 Hei-h.
1076 1051 1150 1076 Linn.
1163 1052 1307 1081 pessimum,
1324 1050 1366 1074 sed
1387 1050 1434 1074 huc
1453 1050 1623 1075 referendum.
1642 1051 1743 1080 Species
1756 1051 1873 1081 stigmate
1889 1052 1999 1081 capitato
2010 1054 2042 1076 P.
2060 1058 2188 1081 rumosam
2203 1055 2225 1076 et

508 1116 529 1138 1.
549 1113 723 1138 vertit-illatum
738 1113 832 1141 refert,
848 1113 879 1136 ab
891 1111 999 1141 utreque
1011 1113 1104 1138 tamen,
1118 1109 1185 1133 ultra
1203 1109 1296 1138 calycis
1307 1108 1420 1137 sormam,
1433 1107 1533 1138 capsula
1551 1114 1650 1138 quoque
1662 1115 1711 1133 non
1730 1109 1890 1134 mediocriter
1908 1109 1991 1134 differt
2003 1110 2159 1136 Illecebrum,
2173 1116 2227 1140 quae

507 1179 556 1197 non
571 1172 668 1196 tantum
683 1171 788 1196 docente
799 1170 905 1196 Jussiaeo
923 1169 1025 1194 scissilis
1037 1171 1084 1198 est,
1101 1168 1143 1192 sed
1158 1169 1183 1191 in
1196 1169 1211 1191 5
1227 1167 1319 1196 valvas,
1336 1167 1373 1190 uti
1391 1166 1537 1190 Gaertnerus
1556 1165 1627 1190 initio
1646 1166 1719 1195 dixit,
1740 1166 1856 1197 quodque
1870 1174 1958 1192 verum
1980 1174 2033 1192 esse
2055 1167 2222 1198 probavimus,

506 1230 593 1262 sponte
605 1233 631 1255 et
650 1233 730 1254 marte
743 1236 787 1254 suo
800 1229 923 1253 dehiscit:
940 1234 995 1258 quae
1009 1233 1048 1252 res
1063 1226 1089 1250 in
1104 1227 1157 1256 ipso
1171 1225 1306 1250 subordine
1321 1225 1402 1255 primo
1420 1225 1515 1248 intuitu
1532 1225 1653 1254 anomala,
1672 1225 1780 1255 priscam
1795 1224 1879 1255 potitis
1892 1231 2011 1255 generum
2028 1226 2138 1250 omnium
2150 1225 2223 1249 fabri

506 1296 560 1313 cam
571 1288 698 1319 patefacit,
712 1289 804 1318 quibus
817 1287 928 1317 capsula,
941 1286 1070 1311 valvarum
1082 1287 1096 1309 5
1109 1284 1210 1313 coalitu,
1222 1284 1259 1313 fit,
1271 1286 1300 1307 ut
1311 1282 1421 1311 videtur,
1440 1281 1574 1306 utriculus.

1091 1425 1382 1455 EXPLICATIO
1419 1424 1527 1453 TAB.
1561 1424 1636 1452 XX.

562 1521 572 1541 1
585 1534 592 1541 .
610 1510 737 1541 Ramus
761 1507 916 1542 floridus.
937 1519 972 1541 2.
990 1507 1154 1540 Ramulus
1180 1505 1303 1540 foliifer
1326 1515 1405 1538 cum
1419 1502 1550 1550 stipulis
1571 1509 1702 1536 auctus,
1720 1501 1754 1535 3.
1773 1502 1870 1535 Rami
1886 1500 1997 1535 floridi
2022 1512 2101 1534 cum
2125 1501 2219 1534 brac-

510 1582 572 1616 teis
589 1581 804 1629 portiuncula
822 1589 929 1616 aucta.
949 1580 986 1625 4.
1010 1580 1088 1614 Flos
1103 1590 1183 1614 cum
1199 1577 1419 1624 sequentibus
1441 1584 1571 1610 auctus.
1588 1576 1622 1611 5.
1637 1574 1732 1610 Idem
1752 1574 1877 1608 foliolis
1901 1574 2059 1620 calycinis
2082 1573 2220 1608 duobus

509 1655 661 1689 abscissis
672 1662 902 1702 utappareant
911 1653 1053 1688 stamina
1062 1660 1096 1686 et
1104 1651 1270 1690 ovarium‚
1285 1649 1349 1685 sed
1367 1650 1567 1684 staminum
1584 1655 1617 1682 et
1633 1646 1942 1682 staminodiorzcm
1959 1648 2112 1681 insertio
2127 1659 2224 1680 men·

511 1727 612 1763 dosa.
631 1728 664 1762 6.
684 1727 855 1762 Foliolum
876 1726 1064 1774 calycinum
1081 1725 1267 1758 abscissum
1279 1734 1356 1757 cum
1378 1722 1520 1756 stamine
1541 1720 1654 1764 fertili,
1675 1729 1709 1754 et
1724 1720 1860 1755 duobus
1882 1719 2065 1754 sterilibus.
2090 1733 2123 1767 7.
2143 1721 2225 1766 Cap-

506 1802 576 1836 sula
589 1800 728 1835 urceolo
743 1800 892 1848 calycino
904 1827 912 1842 ‚
930 1798 1055 1833 foliolis
1069 1797 1223 1832 abscissis
1237 1823 1246 1840 ‚
1265 1795 1414 1830 insidens
1428 1823 1436 1837 ,
1450 1795 1698 1842 longitrorsum
1712 1802 1812 1838 secta,
1832 1801 1869 1828 ut
1887 1801 2050 1841 appareat
2065 1793 2220 1827 ovulum.

508 1876 541 1909 8.
563 1876 779 1921 Organorum
797 1873 990 1920 dispositio,
1008 1871 1072 1906 sed
1082 1873 1244 1906 stamina
1257 1869 1401 1905 sterilia
1415 1881 1485 1915 per
1503 1879 1664 1902 errorem
1684 1868 1833 1901 omissa.

823 2014 1274 2060 PARONYCHIA
1313 2010 1607 2056 CAPITAT
1618 2011 1669 2053 A.
1711 2011 1904 2052 LAMCK.

552 2125 589 2155 P.
607 2123 700 2156 caule
715 2122 962 2165 decumbente3
977 2121 1062 2156 foliis
1077 2120 1288 2163 lanceolatis,
1303 2119 1500 2155 acuminatis
1515 2146 1522 2162 ,
1540 2117 1689 2152 molliter
1705 2117 1802 2150 hirtis
1815 2144 1823 2159 ‚
1846 2123 1904 2150 aut
1919 2115 2156 2162 glabriuseulis
2173 2117 2220 2148 ci-

502 2196 606 2239 Uatis,
624 2194 882 2237 subsessilibus;
902 2193 1045 2227 floribus
1066 2192 1099 2225 in
1119 2192 1286 2238 capitulos
1301 2191 1469 2226 rotundos
1494 2192 1593 2237 longe
1614 2190 1804 2224 bracteatos
1823 2189 2009 2236 congestis-3
2026 2188 2149 2234 calycis
2165 2201 2222 2235 cy-

504 2256 662 2290 lindraeei
677 2256 801 2290 foliolis
816 2253 1138 2288 lineari-lanceolatis
1154 2280 1161 2295 ‚
1178 2252 1303 2296 acut153
1323 2252 1509 2286 seminibus
1525 2250 1787 2299 pyriformibus,
1806 2248 2028 2284 fusco‘luteis.

544 2327 727 2357 Illecebrum
740 2328 918 2366 capitatum.
935 2326 1020 2354 Linn.
1034 2325 1086 2364 Sp.
1101 2325 1143 2364 pl.
1161 2325 1211 2354 vol.
1229 2326 1256 2353 1.
1269 2335 1339 2363 pag.
1354 2324 1424 2354 299.

544 2390 728 2431 Paronychia
738 2390 843 2430 rigida.
859 2389 979 2419 Moenclz.
994 2389 1083 2418 Meth.
1096 2400 1164 2429 pag.
1179 2389 1248 2417 315.

543 2456 728 2496 Paronychia
742 2457 881 2494 capitata.
895 2455 1009 2483 Lamck.
1028 2454 1074 2484 Fl.
1091 2455 1144 2483 Fr.
1161 2454 1217 2484 vol.
1235 2455 1263 2483 3.
1276 2465 1345 2493 pag.
1362 2455 1431 2483 229.

545 2520 726 2551 Illecebrum
741 2522 877 2550 niveum.
898 2520 981 2549 Pers.
991 2520 1064 2559 Syn.
1078 2519 1128 2548 vol.
1144 2522 1169 2548 1.
1181 2530 1251 2558 pag.
1267 2518 1337 2547 261.

544 2586 724 2615 Illecebrum
740 2584 926 2624 Cephalotes.
942 2584 1018 2613 Bieb.
1032 2586 1061 2613 F
1060 2584 1079 2612 ί.
1103 2585 1286 2614 Tanr-Cauc.
1306 2585 1332 2612 S
1334 2584 1413 2622 uppl.
1426 2594 1497 2624 pag.
1518 2584 1583 2613 169.

542 2650 730 2690 Paronychia
743 2651 840 2680 nivea.
855 2650 917 2678 DC.
933 2649 1052 2684 Encrcl.
1068 2649 1119 2678 vol.
1134 2650 1163 2678 5.
1178 2660 1248 2689 pag.
1267 2649 1315 2679 25.
1329 2649 1414 2677 Prod.
1432 2649 1485 2679 vol.
1499 2649 1527 2679 3.
1545 2660 1615 2688 pag.
1629 2650 1699 2678 371.

544 2714 729 2755 Paronychia
743 2715 869 2744 Sinaica.
885 2716 1000 2744 Fresen.
1018 2714 1094 2742 Mus.
1113 2714 1216 2743 Senck.
1233 2714 1285 2744 vol.
1305 2715 1330 2742 1.
1348 2724 1417 2752 pag.
1434 2714 1500 2744 180.
1521 2723 1556 2742 ex
1573 2713 1775 2752 descriptione
1788 2736 1795 2749 ,
1813 2720 1841 2742 et
1864 2723 1899 2741 ex
1920 2713 2083 2751 specimine
2105 2710 2222 2739 Schim-

507 2790 639 2818 periano.

556 2847 640 2878 ΗΑΒ.
661 2847 697 2878 In
710 2845 816 2879 insula
830 2846 981 2880 Canaria.
999 2846 1207 2891 Despreaux.

556 2919 710 2952 DisTmss.
727 2930 830 2953 GEOG.
855 2920 891 2952 In
907 2918 1105 2965 regionibus
1121 2917 1280 2952 omnibus
1295 2918 1379 2951 mari
1399 2918 1534 2951 interno
1549 2917 1769 2951 conterminis
1785 2919 1803 2950 a
1819 2916 1960 2950 Caucasi
1974 2914 2100 2949 radices
2114 2914 2156 2948 ad
2172 2914 2222 2947 in-

508 2990 595 3025 sulas
610 2992 825 3024 Fortunatas.
