2541 3936
1325 471 1462 517 (68)

535 558 612 587 dura
623 580 630 593 ,
645 558 726 596 pube
739 559 895 596 appressfi,
908 558 988 593 alba,
1004 558 1122 593 scabra,
1138 558 1292 596 superiora
1316 558 1449 587 conferta
1461 580 1468 593 ‚
1484 558 1573 596 plana
1587 579 1594 591 ‚
1611 557 1915 595 semiamplexicaulia
1928 579 1935 593 ,
1954 558 2095 587 inferiora
2114 559 2214 587 striata
2230 581 2236 594 ,

535 620 741 656 canaliculata,
756 621 873 649 reflexa.
890 621 1002 649 FLonsss
1015 620 1134 656 alterni,
1150 620 1181 648 in
1195 620 1307 659 spicam
1321 620 1447 650 demum
1467 620 1637 659 elongatam
1654 620 1761 659 digesti
1773 642 1781 655 ‚
1800 620 1971 658 pedunculo
1986 628 2084 651 erecto
2095 644 2104 658 ,
2122 622 2219 662 rigido
2230 645 2237 657 ‚

534 683 963 723 subtetragono-cylindraceo.
985 682 1077 711 CAva
1099 682 1265 715 coloratus,
1282 682 1549 721 strigoso-pilosus.
1568 682 1696 711 Surum
1708 682 1846 719 dilatata,
1859 685 1974 720 tenuia,
1995 684 2134 719 colorata,
2157 687 2238 723 apice

534 747 645 783 albida,
658 746 983 775 attenuato-subulam.
1000 745 1134 775 Ovfflmm
1153 745 1313 791 47gonun1,
1329 745 1493 783 albescens,
1509 745 1649 785 pilosum.
1671 746 1775 776 STrLus
1790 749 1808 775 2
1820 747 1872 775 lin.
1897 747 2013 787 longus,
2031 748 2238 787 subcylindra—

534 821 611 839 ceus.
630 809 745 844 SILIQUA
760 810 778 837 2
795 810 805 847 ’Ξ
818 808 889 846 poll.
907 807 1007 847 longa,
1022 809 1040 836 2
1051 807 1104 836 lin.
1122 807 1195 844 lata,
1209 809 1582 848 tetragono-complanata,
1595 809 1710 846 albida,
1726 810 1988 849 scabroso-pilosa,
2000 811 2068 850 pilis
2082 813 2237 850 appressis,

532 874 650 902 ambitu
665 872 988 910 nervoso-marginata.
1008 870 1123 900 SEMINA
1144 871 1239 908 fusca,
1254 878 1353 908 ovata,
1373 873 1507 911 margine
1521 873 1606 903 fusco
1628 874 1754 904 inferius
1768 874 1905 903 dilatato.
1926 875 2045 904 Ermum
2063 883 2097 904 ut
2111 875 2141 903 in
2162 885 2238 913 prae-

532 937 663 966 cedente.

561 1002 618 1025 Ons.
641 1002 712 1025 Hanc
734 1008 793 1026 cum
816 1001 854 1024 ill.
879 995 1023 1025 Cando'lleo
1049 1002 1177 1032 speciem,
1198 1009 1277 1033 quam
1294 1009 1340 1033 pro
1353 1002 1513 1028 Cheirantho
1530 1006 1647 1036 scopario
1669 1005 1887 1028 Broussonetiano
1905 1003 2035 1034 habebat,
2052 1004 2066 1027 a
2086 1005 2172 1035 priore
2185 1004 2238 1028 dis-

534 1060 641 1082 tinctam
653 1058 795 1083 credimus.
815 1059 948 1082 Diversam
962 1067 1066 1090 quoque
1082 1060 1290 1087 Broussonetius,
1304 1064 1331 1082 ut
1343 1053 1379 1083 ex*
1388 1060 1505 1084 herbarii
1519 1061 1558 1084 sui
1569 1061 1689 1092 autopsia
1702 1065 1783 1092 patet,
1801 1061 1953 1085 existimare
1970 1060 2079 1089 solebat,
2092 1065 2117 1084 et
2132 1060 2236 1087 eodem,

533 1124 585 1147 quo
603 1124 649 1140 nos
666 1117 779 1144 tardius„
796 1117 863 1143 loco,
885 1117 1000 1148 primum
1023 1117 1163 1145 detectam,
1176 1117 1282 1140 nomine
1297 1116 1450 1140 Clleirantlii
1472 1117 1592 1140 axillaris
1604 1117 1747 1149 insignivit.
1774 1118 1897 1142 Indesessi
1920 1119 2042 1142 Massonii
2058 1118 2238 1149 indagationes

532 1174 582 1196 una
595 1181 654 1198 cum
667 1174 801 1204 sequente,
821 1180 878 1203 qua?
895 1179 969 1196 verus
986 1173 1162 1197 Cliciranthus
1178 1174 1312 1205 scoparius
1325 1173 1429 1203 wind„
1444 1178 1471 1197 ut
1488 1174 1602 1205 videtur,
1621 1175 1708 1205 elusit,
1726 1180 1818 1200 neutra
1833 1176 1905 1200 enim
1917 1177 1943 1199 in
1957 1175 2080 1199 herbario
2091 1174 2236 1198 Banksiano

530 1235 623 1253 exstat.

1046 1357 1452 1403 EXPLICATIO
1492 1359 1625 1403 TAB.
1667 1360 1718 1402 V.

890 1475 1348 1527 (CHEIRANTHUS
1387 1476 1707 1512 CINEREUS.
1747 1476 1871 1522 Noa.)

582 1586 608 1605 1.
628 1575 755 1606 Ramus
772 1585 850 1606 cum
863 1574 947 1607 llore
964 1581 998 1607 et
1013 1573 1127 1607 fructu
1140 1574 1375 1620 magnitudine
1390 1576 1545 1610 naturali.
1563 1589 1597 1610 2.
1612 1576 1696 1610 Folii
1710 1587 1787 1622 pars
1799 1587 1879 1609 cum
1892 1575 2112 1621 sequentibus
2124 1582 2230 1609 aucta.

527 1644 558 1678 3.
580 1646 809 1680 Alabastrum.
842 1647 873 1690 4.
906 1646 984 1680 Flos
1007 1654 1157 1693 apertus.
1186 1646 1221 1680 5.
1249 1647 1413 1681 Petalum.
1436 1648 1468 1681 6.
1493 1649 1628 1682 Stamen
1646 1648 1774 1694 postiee
1799 1647 1921 1681 visum.
1951 1660 1984 1694 7.
2016 1647 2110 1681 Idem
2128 1647 2236 1680 antice

525 1719 645 1752 visum.
665 1721 698 1754 8.
721 1719 942 1753 Androecium
959 1731 1038 1753 cum
1055 1719 1183 1763 ovario,
1199 1720 1441 1766 integumentis
1456 1720 1630 1755 floralibus
1646 1721 1779 1755 avulsis.
1798 1733 1831 1767 9.
1849 1720 1988 1766 Siliqua‚
2002 1718 2235 1765 magnitudine

526 1791 684 1835 naturali,
714 1792 879 1838 pedicello
908 1791 1067 1826 insidens.
1104 1804 1156 1825 10.
1189 1794 1317 1827 Eadem
1344 1801 1476 1827 matura
1498 1792 1695 1836 dehiscens,
1720 1794 1847 1827 semina
1874 1793 2030 1827 funiculis
2056 1792 2236 1839 pendentia

526 1863 697 1908 exhibens,
708 1872 817 1898 aucta.
844 1878 852 1897 1
868 1866 1031 1898 1.Semen
1047 1876 1126 1898 cum
1138 1864 1288 1899 funiculo
1299 1866 1536 1912 magnitudine
1551 1867 1705 1901 naturali.
1728 1879 1779 1901 12.
1794 1867 1888 1901 Idem
1906 1874 2056 1901 auctum.
2086 1864 2137 1898 13.
2158 1867 2235 1898 Ern-

524 1937 610 1983 bryo
627 1944 756 1971 auctus.
784 1937 836 1980 14.
860 1936 1022 1981 Ejusdem
1041 1937 1144 1970 sectio
1161 1944 1361 1971 transversa.

824 2080 1358 2125 DICHROANTHUS
1396 2081 1779 2126 SCOPARIUS.
1817 2083 1935 2125 Non.

577 2190 618 2221 D.
641 2187 734 2221 caule
750 2195 875 2228 erecto,
895 2187 1074 2230 fruticoso,
1093 2187 1221 2234 rigido,
1240 2189 1342 2222 ramis
1356 2188 1551 2235 fastigiatis3
1570 2189 1657 2223 foliis
1679 2188 2074 2231 albo-cinerascentibus,
2100 2188 2233 2221 lineari-

525 2260 733 2302 lanceolatis⁷
753 2260 892 2306 integris
907 2287 914 2301 ,
941 2260 1114 2307 strigosis,
1133 2261 1452 2308 erecto-adpressis3
1476 2261 1657 2295 filamentis
1683 2261 1917 2305 filiformibus,
1938 2262 2066 2307 siliquis
2091 2261 2230 2302 strictis,

523 2334 726 2380 tetragonis,
743 2332 1033 2376 cinereo-scabris,
1052 2332 1140 2379 stylo
1158 2333 1393 2367 crassiusculo.

562 2404 762 2434 Cheiranthus
773 2405 932 2447 scoparius.
955 2403 1083 2432 Brozcss!
1105 2404 1210 2431 lVilld.
1229 2415 1320 2432 enum.
1340 2404 1410 2432 Ιιονι,
1428 2407 1491 2433 Ber.
1505 2416 1574 2445 pag.
1590 2406 1657 2434 681.
1677 2415 1736 2434 non
1751 2404 1810 2433 DC.

563 2468 765 2498 Cheiranthus
776 2449 927 2497 Cumhiaei
941 2467 1036 2496 LGlc!
1053 2468 1079 2495 in
1098 2467 1178 2495 Buclz
1190 2468 1347 2497 Beschreib.
1368 2469 1438 2496 Can.
1459 2469 1518 2496 Ins.
1534 2480 1602 2507 pag.
1624 2470 1688 2498 152.

562 2532 763 2561 Cheiranthus
778 2531 889 2560 scaber.
910 2531 981 2559 Nob.
1000 2531 1038 2559 acl
1051 2532 1187 2559 seminum
1192 2532 1358 2572 fasciculos.

572 2600 652 2631 ΗΑΒ.
676 2599 712 2630 In
729 2597 871 2643 rupibus
887 2596 1041 2639 excelsis,
1068 2597 1154 2630 Filo
1173 2596 1215 2630 cle
1231 2597 1287 2631 las
1317 2597 1494 2632 canadas
1512 2598 1610 2632 dictis
1623 2627 1630 2641 ‚
1656 2598 1715 2644 qui
1735 2598 1863 2632 circum
1882 2598 2055 2644 ingentem
2080 2597 2230 2632 efficiunt

524 2671 564 2705 ad
580 2671 673 2705 basin
694 2671 819 2704 Montis
838 2670 904 2703 Atti
925 2670 1069 2703 Nivaria}
1088 2670 1179 2704 Pico
1199 2669 1240 2703 de
1261 2669 1380 2718 Teyde
1399 2670 1440 2703 ad
1459 2669 1673 2704 altitudinem
1698 2669 1785 2704 1500
1807 2668 2020 2716 hexapodum
2038 2682 2064 2702 s.
2087 2681 2132 2702 m.

574 2745 728 2776 DtsTmss.
749 2754 852 2775 (moe.
875 2742 1008 2788 Species
1025 2742 1250 2776 Cauariensis.

564 2815 651 2843 Dese.
675 2813 778 2842 ciuus
799 2813 972 2849 fruticosus,
991 2821 1119 2849 erectus,
1143 2813 1288 2850 nodosus,
1304 2813 1428 2853 rigidus.
1452 2814 1531 2843 Ram
1545 2813 1663 2850 breves,
1685 2815 1785 2850 crassi,
1803 2814 1901 2853 rigidi,
1917 2814 2072 2853 fastigiati,
2088 2813 2232 2843 soliorum

525 2878 709 2908 cicatricibus
719 2877 908 2907 creberrimis
922 2881 1021 2907 rudes.
1038 2877 1063 2906 F
1066 2887 1130 2906 OLIA
1145 2879 1158 2905 1
1174 2878 1184 2912 ξ
1197 2876 1269 2916 poll.
1286 2876 1387 2918 longa,
1405 2880 1459 2907 1-2
1470 2878 1523 2907 lin.
1536 2879 1609 2916 lata,
1623 2878 1661 2908 ad
1674 2880 1788 2918 apicem
1800 2889 1954 2908 ramorum
1964 2879 2108 2914 conserta,
2118 2879 2230 2913 stricta,

524 2942 688 2972 lanceolata
702 2964 709 2978 ,
728 2943 896 2970 acuminata
912 2965 918 2977 ,
936 2951 1068 2970 concava
1079 2963 1086 2977 ‚
1104 2942 1220 2980 integra
1235 2963 1243 2977 ,
1259 2940 1359 2977 (culta
1373 2941 1434 2970 huc
1448 2941 1520 2970 illuc
1535 2941 1668 2972 breviter
1689 2952 1742 2982 per
1761 2942 1920 2972 intervalla
1941 2943 2082 2979 dentata)
2097 2943 2231 2972 cinereo-

524 3005 636 3043 albida,
652 3006 784 3045 strigosa.
803 3005 866 3034 Pm
883 3005 977 3044 longi,
998 3004 1072 3040 albi,
1092 3006 1183 3042 acuti,
1199 3005 1342 3043 appressi,
1359 3004 1479 3039 stellati,
1495 3005 1586 3035 radiis
1607 3006 1673 3043 3-5‚
1696 3007 1951 3046 asperitudinibus
1965 3007 2022 3037 sub
2037 3007 2231 3046 microscopio
