2541 3936
1330 475 1468 520 (66)

548 564 630 597 loria
649 562 861 609 (aliquantuli
879 563 970 596 enim
994 570 1044 596 est
1060 563 1092 595 in
1108 561 1280 596 cruciferis
1297 563 1489 609 petalorum
1512 562 1638 609 color),
1663 563 1715 597 cui
1743 563 1911 609 glandulae
1933 563 2123 610 hypogynae
2142 566 2180 607 6,
2199 567 2251 599 cui

545 636 665 681 stigma
691 635 875 680 capitatum
889 660 896 675 ,
916 632 1035 678 siliqua
1052 633 1190 678 4-gona‚
1207 633 1314 666 rarius
1329 633 1540 679 complanata
1556 661 1563 675 ,
1585 635 1781 680 seminaque
1803 636 1953 682 margine
1969 636 2036 671 lato
2050 637 2173 681 cincta,
2194 639 2251 684 qui

546 710 576 740 iu
601 706 811 741 Cheirantlio
829 713 886 738 aut
906 704 1018 738 nullus
1035 712 1092 738 aut
1112 705 1300 751 angustior.
1328 706 1461 752 Calycis
1480 705 1594 740 foliola
1615 706 1685 740 duo
1706 707 1871 741 exteriora
1889 708 1923 741 in
1947 708 2012 742 Ch.
2042 709 2156 744 Cheiri
2175 718 2251 744 ante

543 780 695 813 antliesin
721 778 872 823 longiora
892 785 982 820 sunt,
999 785 1033 811 et
1049 778 1143 824 apice
1159 777 1192 810 in
1208 777 1377 811 alabastro
1398 785 1540 820 saccata,
1565 777 1623 811 sed
1643 777 1714 812 haec
1733 790 1873 824 quoque
1893 779 1976 814 ssore
1995 789 2114 827 aperto
2131 781 2250 828 plana3

543 852 650 898 petala
674 850 837 893 obovata,
857 850 969 894 lutea3
994 850 1163 897 glandulae
1189 850 1381 898 hypogynae
1404 850 1481 885 duae
1506 862 1638 897 magnae
1655 849 1749 884 basin
1768 851 1950 885 staminum
1969 852 2166 887 breviorum
2187 855 2251 888 late*¹

544 923 808 968 amplectuntur,
828 929 862 955 et
880 921 1061 956 lateraliter
1084 931 1232 970 protusae
1249 924 1402 958 ovarium
1426 923 1496 958 fere
1513 924 1665 970 undique
1684 924 1846 970 cingunt,
1865 924 1970 972 stylus
1994 925 2067 971 ipso
2086 926 2119 958 in
2137 927 2252 962 ovario

541 994 637 1027 fissus
655 1002 724 1035 est,
752 1004 831 1027 mox
850 993 883 1026 in
909 993 1021 1028 fructu
1044 995 1238 1039 revolutus,
1263 1003 1298 1029 et
1324 995 1482 1042 stigmata
1503 996 1581 1030 bina
1600 996 1668 1030 lobi
1694 994 1861 1042 cujusque
1884 995 1977 1030 faciei
1996 996 2136 1030 internae
2152 997 2251 1031 affixa

540 1074 631 1108 sunt,
650 1066 738 1099 unde
758 1066 912 1111 proxime
937 1065 978 1100 ad
999 1067 1174 1113 Syreniam
1185 1067 1312 1101 Andrz.
1340 1067 1481 1101 accedit.
1506 1067 1674 1101 Eamdem
1692 1067 1769 1114 styli
1785 1067 1948 1102 fabricam
1972 1067 2071 1102 offert
2088 1069 2152 1103 Ch.
2175 1070 2250 1116 pul-

539 1139 668 1172 chellus
687 1138 805 1172 Willd.
829 1139 983 1184 Erysimo
1003 1138 1132 1184 pumilo
1152 1137 1299 1172 Gaudin.
1321 1139 1529 1185 caeteroquin
1549 1139 1672 1182 affinis,
1695 1139 1753 1173 sed
1771 1139 1891 1186 siliqua
1911 1140 2036 1187 ignota.
2059 1141 2247 1175 Dichroan-

539 1213 616 1246 thus
641 1212 723 1257 ergo
743 1212 924 1244 transitum
947 1214 965 1245 a
990 1211 1198 1245 Cheirantho
1220 1211 1262 1245 ad
1291 1211 1486 1259 Erysimum
1514 1211 1634 1254 efficit,
1658 1212 1861 1258 salvumque
1889 1213 2103 1257 custodient,
2125 1215 2250 1260 quibus

537 1296 659 1330 genera
678 1287 814 1327 ὸμοούσια
833 1283 927 1317 cordi
944 1291 1034 1317 sunt.

846 1438 1374 1483 DICHROANTHUS
1412 1410 1786 1487 MUTABILIS.
1828 1444 1945 1486 Non.

586 1562 628 1592 Ι).
651 1559 746 1593 caule
773 1559 951 1602 fruticoso,
971 1570 1106 1593 ramoso
1120 1586 1128 1602 ,
1155 1560 1275 1606 saepius
1297 1567 1474 1602 tortuoso,
1491 1560 1575 1595 foliis
1590 1560 1802 1603 lanceolatis,
1819 1569 1878 1595 aut
1897 1561 2223 1596 lineari-lanceolatis
2239 1590 2246 1604 ‚

535 1635 653 1678 arguti·
673 1632 835 1675 dentatis,
854 1633 1013 1678 appresse
1036 1631 1319 1678 pubescentibus,
1344 1633 1557 1677 suhscabris3
1584 1634 1765 1669 filamentis
1792 1634 2026 1678 subdilatatis3
2050 1634 2180 1681 siliquis
2196 1648 2247 1669 as-

533 1704 755 1738 cendentibus
776 1704 931 1750 4-gonis‚
959 1711 1017 1737 aut
1042 1704 1518 1752 complanato-cylindraceis,
1538 1707 1751 1754 subglabris,
1779 1709 1812 1742 in
1838 1708 1963 1756 stylum
1991 1708 2245 1755 longiusculum

534 1778 748 1811 exeuntibus.

574 1861 776 1890 Cheiranthus
791 1861 956 1890 mutabilis.
974 1862 1100 1890 L'Hcrz't.
1119 1862 1213 1900 Stirp.
1230 1862 1387 1902 Nomfasc.
1404 1862 1432 1891 4.
1447 1874 1516 1902 pag.
1533 1863 1581 1891 92.
1601 1864 1682 1891 Hori.
1699 1864 1779 1893 Kew.
1795 1864 1846 1892 vol.
1861 1865 1889 1892 2.
1907 1876 1936 1902 p.
1951 1865 2022 1894 395.
2036 1865 2079 1893 etl.
2095 1865 2123 1892 2.
2139 1866 2194 1893 vol.
2213 1865 2240 1893 4.

536 1937 565 1961 μ.
588 1927 652 1954 118.
673 1926 752 1953 Cur-t.
772 1926 834 1953 Bot.
850 1927 931 1964 llsag.
951 1926 1004 1954 lab.
1024 1926 1090 1954 195.
1114 1925 1216 1965 quoad
1237 1926 1375 1966 stigmata
1389 1925 1477 1955 bona.
1498 1928 1563 1955 DC.
1582 1928 1663 1965 Syst.
1689 1929 1716 1956 2.
1734 1939 1803 1966 pag.
1831 1929 1896 1956 183.
1920 1928 2008 1956 Prod.
2037 1930 2062 1956 1.
2087 1939 2154 1966 pag.
2177 1928 2241 1957 136.

535 1990 594 2017 Bol.
610 1991 682 2028 Reg.
698 1991 752 2018 tab.
771 1990 854 2020 1431.
869 1990 970 2029 quoad
983 1990 1124 2029 stigmata
1139 1990 1227 2020 mala.

582 2069 617 2100 In
632 2068 747 2101 insulis
761 2068 1024 2102 Canariensibus
1037 2069 1216 2102 varietates
1233 2069 1255 2113 4
1275 2077 1455 2115 sequentes
1469 2070 1733 2104 observavimus.

580 2167 610 2185 α,
636 2153 831 2195 Latil'olius,
851 2153 938 2187 foliis
957 2153 1042 2197 latis,
1060 2153 1238 2199 vii-idibus,
1257 2155 1381 2202 planis,
1398 2154 1817 2202 subpubescenti-scabris.

581 2239 612 2281 β.
634 2238 864 2284 Longil'olius,
883 2239 966 2273 foliis
983 2239 1204 2287 longissimis,
1224 2234 1406 2274 linearibus
1419 2267 1427 2283 ,
1447 2239 1697 2283 atroviridibus,
1717 2239 2136 2286 subpubescenti-scabris.

571 2321 773 2351 Cheiranthus
783 2321 965 2361 longifolius.
982 2324 1070 2351 Vent.
1089 2325 1190 2352 Μαίνῃ.
1209 2325 1263 2353 tab.
1279 2325 1329 2354 83.

580 2414 608 2444 γ.
636 2399 851 2443 BrevifoliuS,
879 2399 966 2434 foliis
982 2400 1216 2444 brevioribus,
1239 2401 1370 2449 rigidis,
1389 2401 1668 2445 ascendentibus,
1688 2401 1872 2445 viridibus,
1892 2405 1989 2437 acute
2012 2402 2242 2437 serrato-den-

536 2472 627 2513 tatis,
647 2472 785 2505 scabris.

581 2557 607 2589 ὃ.
639 2556 840 2600 Albescens,
873 2557 973 2591 ramis
1003 2558 1147 2602 albidis,
1178 2558 1332 2606 foliisque
1365 2559 1800 2607 cinereo-pubescentibus,
1833 2560 2072 2603 breviusculis,
2101 2561 2243 2607 sparsim

535 2628 689 2662 dentatis.

584 2716 668 2748 ΗΑΒ,
691 2717 728 2748 ln
746 2716 968 2762 rupestribus,
987 2725 1020 2752 et
1034 2719 1245 2754 convallibus
1261 2719 1446 2754 insularum
1464 2720 1720 2755 Canariensium
1738 2719 1911 2766 frequens.
1937 2719 2142 2753 varietatem
2167 2733 2187 2752 α
2203 2719 2240 2765 ιἰι]

540 2787 681 2832 rupibus
701 2788 873 2835 Bajame,
896 2802 1002 2836 prope
1026 2791 1230 2838 oppidulum
1247 2792 1380 2826 Buencc
1399 2793 1523 2835 Vista,
1541 2793 1573 2826 in
1590 2793 1770 2835 Teneriffa,
1788 2792 1830 2826 ad
1849 2791 1932 2826 fines
1957 2792 2082 2825 mensis
2100 2791 2244 2837 januarii

540 2859 613 2892 laete
637 2859 815 2895 florentem
845 2863 1002 2897 vidimus.
1030 2865 1183 2898 Vax-letas
1200 2865 1230 2908 β.
1252 2877 1313 2911 per
1331 2872 1438 2898 totam
1465 2864 1670 2898 Tenet-issam
1699 2865 1835 2911 vulgata
1854 2877 1954 2911 rupes
1978 2864 2187 2911 gramineos,
2211 2872 2244 2897 et

536 2932 699 2966 convallia
712 2945 828 2979 opaca,
849 2936 1039 2981 praesertim
1053 2936 1158 2983 eligit.
1176 2937 1361 2984 Copiosam
1376 2937 1464 2971 circa
1479 2937 1654 2983 Tigayga
1671 2937 1861 2971 invenimus
1873 2963 1882 2980 ,
1901 2937 1959 2971 ubi
1975 2949 2115 2983 gramen
2130 2937 2240 2982 quod-

535 3003 614 3037 dam
631 2994 815 3040 frutescens
832 3006 920 3041 foliis
937 3008 1142 3055 longissimis
1169 3009 1324 3056 pendulis
1342 3009 1532 3043 simulabat.
1550 3023 1569 3055 γ
1583 3009 1615 3043 in
1633 3008 1725 3057 jugis
1737 3009 1916 3043 altioribus
1928 3009 2044 3044 insulae
2057 3009 2182 3043 Palmae
2199 3010 2240 3043 ad
