2541 3936
1091 467 1229 513 (83)

306 558 567 613 hyalinum,
591 572 671 613 per
696 558 1025 601 contractiones
1050 557 1342 606 continuum,
1370 556 1525 599 loc'ulis
1552 556 1817 599 alternatim
1843 560 2012 607 vacuis,

306 646 385 681 aut
404 638 676 681 abortivum.
698 638 941 681 PLACENTAE
963 638 1201 689 suturales,
1218 638 1411 681 inelusae.
1437 637 1601 680 SEMINA
1621 645 1774 689 ovata,
1803 638 2015 682 subcom-

307 734 470 776 pressa,
491 719 703 762 funiculis
720 718 1055 776 dissepimento,
1076 727 1157 762 aut
1173 720 1443 777 endocarpio
1460 720 1646 776 hyalino
1659 720 1828 763 coalitis
1839 755 1848 769 Ἰ
1860 721 2015 763 omnia

306 800 514 856 pendula.
532 798 844 860 COTYLEDONES
863 799 988 841 valde
1003 800 1348 856 conduplicatae,
1370 815 1593 850 concavae,
1623 800 1846 857 profunde
1868 816 2016 843 emar-

306 882 481 937 ginatae.
505 881 724 924 RAD1CULA
751 880 955 930 dorsalis,
977 887 1188 931 curvata,
1213 881 1402 937 gracilis,
1430 881 1691 932 ascendens,
1711 883 1831 925 inter
1855 883 2019 938 cotyle-

306 962 482 1005 donum
506 962 640 1018 plicas
661 968 849 1018 recepta.

364 1055 533 1098 HERBAE
549 1055 791 1105 ruderales,
817 1062 863 1097 et
884 1055 1109 1106 arvicolae,
1132 1063 1306 1106 erectae‚
1330 1056 1519 1098 demum
1544 1055 1884 1104 decumbentes,
1904 1056 2022 1098 radi-

307 1137 433 1180 cibus
467 1136 648 1185 annuis,
677 1143 757 1178 aut
786 1135 1092 1185 biennalibus,
1120 1137 1235 1180 foliis
1262 1137 1700 1192 runcinato—lyratis,
1723 1136 1822 1193 pilis
1842 1138 2020 1193 sparsis,

308 1218 603 1276 simplicibus,
634 1217 822 1267 scabris,
856 1217 1042 1261 floribus
1071 1218 1525 1275 purpurascentibus,
1556 1218 1745 1268 carneis,
1777 1217 1909 1268 albis,
1943 1225 2024 1261 aut

311 1300 450 1343 luteis.

356 1394 438 1426 Osss.
467 1396 590 1427 Veram
617 1393 746 1439 siliquae
772 1393 985 1439 Raphanistri
1015 1400 1220 1426 structuram
1244 1392 1374 1437 primus
1398 1391 1495 1425 nobis
1516 1392 1547 1424 in
1573 1393 1752 1438 colloquiis
1777 1394 1931 1440 patefecit
1949 1394 2025 1427 stir-

310 1467 404 1512 pium
422 1474 589 1500 scrutator
606 1466 836 1500 sedulissimus
858 1468 985 1512 Gayus.
1007 1465 1164 1508 schedas,
1182 1465 1306 1511 quibus
1322 1464 1511 1511 adscriptus
1534 1477 1643 1498 annus
1665 1466 1767 1508 1828,
1791 1465 1913 1500 deinde
1929 1479 2028 1499 excu-

310 1538 439 1573 tiendas
464 1538 620 1580 tradidit,
645 1538 735 1572 unde
762 1539 850 1580 haze,
877 1538 990 1585 paucis
1012 1538 1187 1572 brevitatis
1208 1540 1304 1572 causa
1331 1537 1487 1581 omissis,
1509 1539 1527 1571 e
1545 1537 1652 1571 verbo
1664 1538 1903 1584 expressimus.

364 1625 379 1641 «
401 1611 627 1657 Raphanistro
644 1611 800 1657 siliquam
822 1611 1035 1645 articulatam
1053 1611 1328 1653 TournefortiuS,
1344 1610 1576 1653 Adansonius,
1595 1611 1791 1653 Crantzius,
1811 1612 2026 1653 Gaertnerus,

313 1683 476 1724 Moench,
497 1686 737 1729 baumgarten,
756 1683 880 1729 aliique
900 1684 1107 1727 tribuerunt,
1123 1692 1157 1718 et
1176 1684 1237 1717 hac
1255 1684 1443 1731 praesertim
1461 1686 1541 1717 nota
1561 1683 1750 1717 descrimen
1770 1683 1905 1729 generis
1926 1685 1943 1716 a
1961 1685 2027 1717 Ra-

314 1756 426 1801 phano
454 1756 616 1790 fecerunt.
647 1756 766 1790 Nullus
786 1765 897 1790 tamen
916 1756 1038 1790 dubito
1061 1757 1144 1802 quin
1169 1756 1234 1791 hoc
1258 1756 1395 1790 nomine
1422 1756 1623 1802 siliquarum
1652 1755 1877 1789 loculamenta
1897 1757 2027 1790 tanturn

316 1829 552 1871 indicaverint,
571 1829 812 1875 neminemque
827 1830 1009 1863 articulum
1026 1841 1163 1872 verum,
1183 1828 1224 1863 ad
1250 1829 1380 1875 siliqua}
1396 1828 1487 1862 basin
1504 1829 1619 1871 situm,
1637 1828 1758 1862 vidisse
1784 1840 1870 1862 reor.
1894 1829 2027 1862 Articu-

317 1903 367 1936 lus
383 1902 519 1936 inferior
537 1902 569 1935 in
589 1914 724 1935 summo
743 1901 937 1947 pedunculo
954 1902 1119 1947 persistit,
1138 1901 1372 1945 brevissimus,
1390 1901 1582 1948 (dimidiam
1598 1903 1721 1936 lineam
1734 1902 1883 1949 longus),
1896 1902 2026 1948 plenus,

316 1987 512 2023 aspermus,
530 1975 675 2021 ideoque
693 1975 835 2010 omnino
850 1974 1040 2017 abortivus,
1058 1974 1151 2020 apice
1164 1975 1196 2008 in
1212 1974 1343 2009 discum
1359 1975 1546 2022 ellipticuin
1564 1988 1746 2023 expansus.
1767 1977 1912 2009 Fructus
1929 1975 2030 2021 igitur

316 2049 439 2083 fabrica
455 2049 542 2083 inter
560 2048 751 2082 Cruciferas
767 2048 893 2094 quibus
911 2048 1040 2093 siliquae
1059 2048 1282 2082 biarticulatae
1301 2048 1539 2082 collocandum
1555 2048 1840 2095 Raphanistrum,
1858 2055 1891 2081 et
1908 2047 1949 2082 ad
1965 2060 2028 2081 nu-

316 2129 546 2155 camentaceas
567 2121 776 2156 amovendus
800 2129 851 2155 est
870 2121 1055 2168 Raphanus
1081 2120 1216 2154 sativos.
1245 2119 1507 2167 Raphanistrum
1531 2120 1806 2167 Enarthrocarpo
1824 2119 1937 2165 quoad
1955 2120 2029 2153 affi-

318 2195 457 2228 nitatem
486 2195 693 2240 proximum,
720 2195 833 2229 dissert
848 2195 992 2229 articulo
1013 2194 1172 2228 inferiore
1184 2193 1356 2236 abortivo,
1372 2193 1493 2236 sterili,
1511 2193 1768 2239 seminibusque
1780 2193 1913 2227 articuli
1930 2205 2029 2239 supe-

320 2268 417 2301 rioris
433 2267 606 2314 pendulis,
625 2280 687 2301 nec
703 2268 835 2301 erectis.
862 2281 877 2299 >³
895 2267 1048 2301 Eandem
1062 2267 1096 2300 in
1115 2266 1216 2301 Flora
1231 2266 1378 2309 Altaica,
1398 2266 1466 2299 vol.
1486 2265 1520 2308 3,
1539 2278 1572 2312 p.
1598 2264 1683 2308 213,
1701 2277 1791 2299 anno
1812 2265 1914 2307 1831,
1935 2266 2029 2299 evul-

319 2340 409 2386 gavit
429 2339 702 2374 observationem
722 2348 880 2374 strenuus
895 2339 1148 2374 Cruciferarum
1168 2338 1346 2385 indagator
1369 2340 1409 2372 C.
1433 2339 1473 2371 A.
1497 2341 1625 2386 Meyer,
1648 2346 1850 2386 partemque
1868 2350 1942 2372 earn
1969 2350 2031 2385 pro

319 2412 461 2446 articulo
485 2413 641 2447 inferiore
667 2412 859 2446 habuerunt
875 2412 936 2445 viri
960 2410 1198 2454 oculatissimi,
1218 2411 1296 2444 cum
1320 2418 1431 2444 tamen
1455 2411 1546 2445 nulla
1573 2412 1626 2445 hie
1652 2412 1685 2445 in
1712 2412 1829 2446 ovario
1848 2412 2029 2449 ovulorurn

321 2485 441 2520 indicia
462 2484 605 2519 videnda
627 2492 717 2528 sunt,
728 2496 790 2531 pro
801 2485 1004 2532 gynophoro
1019 2496 1096 2519 cum
1113 2484 1155 2519 cl.
1180 2484 1300 2531 Spach,
1320 2497 1378 2519 seu
1398 2493 1474 2520 toro
1492 2485 1713 2532 elongatiore,
1740 2485 1852 2519 forsan
1877 2485 2032 2520 habenda

320 2566 382 2592 est.

370 2630 496 2676 Siliqua
515 2630 667 2677 Raphani
680 2631 773 2664 sativi
793 2630 990 2677 vulgatioris
1008 2643 1070 2678 pro
1089 2630 1265 2665 folliculari
1279 2658 1287 2674 ,
1305 2643 1346 2664 ne
1363 2630 1452 2664 eullo
1463 2630 1533 2664 basi
1549 2630 1693 2664 articulo
1706 2631 1846 2677 stipata,
1861 2630 1904 2665 ab
1918 2638 2033 2665 aucto-

323 2704 417 2737 ribus
431 2703 591 2737 omnibus
606 2703 761 2745 liabetur,
781 2703 869 2737 unde
886 2705 903 2737 a
919 2703 1168 2750 Rhaphanistro
1183 2703 1339 2750 generice
1351 2702 1613 2749 distinguendus
1628 2710 1726 2736 esset.
1746 2703 1811 2737 Sed
1826 2711 1860 2737 et
1875 2704 1930 2737 hic
1948 2715 2034 2750 quo-

322 2789 389 2823 que
405 2784 442 2810 ut
458 2777 491 2809 111
520 2775 743 2822 Raphanistro
770 2775 858 2809 idem
885 2776 1068 2822 saepissime
1087 2775 1221 2809 videtur
1238 2776 1419 2818 articulus,
1440 2775 1678 2822 sylvestribus,
1695 2784 1753 2809 aut
1770 2777 1843 2810 solo
1869 2777 2035 2811 macriore

323 2849 439 2891 cultis,
459 2848 554 2882 facile
572 2847 821 2894 agnoscendus,
842 2848 903 2882 etsi
931 2849 1054 2895 plantis
1081 2847 1262 2883 hortorum
1289 2848 1454 2895 pinguitie
1484 2847 1762 2883 suburbanorum
1785 2849 1892 2883 enatis
1915 2850 2035 2897 saepius

324 2921 496 2956 evanidus.
516 2921 721 2955 Coalescunt
742 2922 833 2955 enim
859 2922 1012 2965 articuli,
1033 2930 1067 2956 et
1084 2923 1198 2956 omnia
1214 2928 1420 2955 evanescunt
1444 2921 1529 2968 septi
1556 2921 1707 2968 vestigia.
1727 2921 1852 2965 Primi,
1877 2923 1910 2956 in
1935 2922 2036 2956 horto

326 2994 621 3041 Luxemburgensi
637 2995 678 3029 cl.
698 2995 800 3041 Gayi,
822 2995 971 3041 plantas,
989 2995 1176 3029 seminibus
1193 2997 1211 3028 ὲι
1227 2997 1349 3029 Grassa
1372 2995 1479 3029 missis
1502 3002 1612 3037 ortas,
1638 2995 1806 3040 vidimus,
1826 2996 1952 3043 quibus
1967 2995 2018 3029 sili
2030 3016 2037 3020 ·
