2541 3936
1292 468 1457 513 (122)

561 557 807 587 Helianthemum
817 562 1005 594 punctatum.
1028 556 1077 582 lV
1076 555 1135 583 illd.
1153 565 1245 583 enum.
1263 555 1318 582 vol.
1335 557 1362 583 1.
1380 565 1450 592 pag.
1465 555 1534 582 570.

563 621 711 651 Xolantha
723 630 881 649 racemosa.
896 618 996 657 Rafin.
1018 618 1123 646 Car-ate.
1136 628 1204 656 pag.
1217 618 1265 646 73.
1284 618 1338 646 tab.
1358 619 1404 646 18.
1414 617 1478 655 fig.
1498 619 1524 644 1.

532 677 537 681 ’
558 684 805 713 Helianthemum
819 681 1045 710 heterodoxuni.
1064 682 1144 709 Dan.
1161 681 1199 708 in.
1217 681 1282 709 DC.
1301 680 1384 709 Prod.
1397 680 1452 707 vol.
1473 681 1499 707 1.
1513 690 1583 717 pag.
1599 679 1667 707 270.

556 746 802 775 Helianthemum
819 744 1001 773 eriocaulon.
1017 745 1095 773 Dim.
1113 744 1131 772 Ι.
1143 755 1167 772 c.
1188 755 1219 782 p.
1236 744 1303 772 271.
1321 743 1423 771 Sweec.
1439 742 1508 770 Cist.
1526 742 1580 769 tab.
1597 741 1646 770 61.

557 809 721 838 Tuberaria
736 819 846 837 annua.
865 809 973 848 Spaclz.
991 810 1072 839 Ann.
1089 820 1127 837 sc.
1147 815 1204 836 nat.
1222 809 1251 836 2.
1267 818 1320 836 ser.
1336 807 1391 835 vol.
1412 805 1441 834 6.
1460 817 1487 843 ρ.
1512 805 1580 834 365.
1600 805 1748 834 De'cembre
1769 806 1854 835 1836.
1876 807 1975 835 Saites
1990 810 2006 836 ὰ
2022 809 2100 847 Buff.
2120 810 2174 836 vol.
2193 810 2222 838 6.

517 884 587 912 pag.
599 872 646 901 46.

563 940 648 970 ΗΑΒ.
679 938 775 971 Circa
793 949 972 971 nemorum
988 937 1135 982 regionis
1154 936 1294 982 sylvosae
1312 935 1500 981 margines,
1522 935 1554 968 in
1567 934 1875 977 dendro-ericetiS‚
1892 943 1926 967 et
1942 935 1974 968 in
1992 936 2129 981 regione
2144 937 2224 981 pini-

514 1011 581 1042 l'era
600 1010 786 1043 insularum
802 1009 1068 1042 Canariensium.

563 1084 715 1115 Disrmss.
734 1092 838 1114 enoc..
868 1083 932 1113 Per
952 1091 1088 1113 ornnem
1107 1078 1207 1112 maris
1229 1078 1349 1111 interni
1377 1078 1578 1120 circuitum,
1604 1086 1637 1111 et
1661 1078 1702 1111 ad
1726 1079 1837 1112 littora
1864 1079 1989 1112 Oceani
2008 1078 2223 1112 occidentalis

517 1165 621 1198 usque
637 1153 669 1185 in
685 1152 902 1185 Britanniam.

857 1287 1261 1332 TUBERARIA
1306 1288 1658 1332 PERENNIS.
1703 1288 1826 1331 SPAC
1836 1303 1877 1331 H.

561 1397 601 1427 T.
631 1394 741 1428 radice
772 1394 935 1440 perenni;
958 1393 1051 1427 caule
1075 1392 1146 1425 basi
1171 1392 1450 1437 sulfrutescente3
1480 1394 1563 1427 foliis
1598 1394 1809 1441 subglabris,
1835 1394 2081 1437 subcoriaceis,
2105 1394 2224 1428 subtus

514 1465 801 1511 glaucescentibus
815 1493 822 1507 ⁷
843 1464 1041 1499 radicalibus
1064 1464 1238 1507 rosulatis7
1257 1464 1356 1510 longe
1384 1465 1571 1511 petiolatis,
1591 1466 1730 1499 caulinis
1758 1465 1969 1508 minoribus,
1993 1465 2223 1511 superioribus

513 1537 703 1580 sessilibus3
726 1537 857 1583 stipulis
883 1537 1004 1579 nullis;
1022 1536 1162 1569 racemis
1188 1535 1368 1581 3-7-ssori5‚
1395 1536 1542 1582 glabris3
1559 1537 1730 1582 pedicellis
1754 1537 1985 1579 filiformibus,
2008 1538 2220 1579 incrassati53

514 1609 625 1655 calyce
643 1609 762 1654 glabro
776 1636 783 1652 ,
804 1609 999 1651 chartaceo,
1018 1607 1187 1654 3-phyllo‚
1202 1615 1259 1641 aut
1273 1607 1425 1654 4-phyllo
1441 1635 1448 1650 ‚
1464 1608 1578 1641 loliolo
1596 1609 1761 1642 exteriore
1774 1609 2049 1643 bracteoliformi.

554 1678 720 1708 Tuben-aria
729 1686 856 1715 nostras,
878 1685 908 1707 et
917 1678 1083 1707 Tuberaria
1096 1678 1201 1715 major.
1219 1677 1314 1705 Baulz.
1330 1677 1409 1706 Ht'st.
1428 1678 1483 1705 vol.
1501 1679 1529 1705 2.
1546 1689 1615 1716 pag.
1632 1679 1677 1706 12.

555 1741 802 1771 Helianthemum
813 1742 992 1780 plantaginis
1003 1741 1075 1770 folio
1085 1751 1225 1779 perenne.
1245 1741 1337 1769 Buxb.
1356 1748 1426 1771 cent.
1443 1741 1471 1770 3.
1488 1753 1559 1780 pag.
1576 1742 1625 1771 33.
1644 1742 1698 1770 tab.
1717 1743 1765 1771 63.

555 1805 654 1833 Cistus
668 1804 844 1833 Tuberaria.
860 1806 944 1833 Linn.
963 1806 1018 1842 Sp.
1033 1805 1070 1841 pl.
1088 1805 1142 1832 vol.
1161 1806 1189 1834 1.
1204 1814 1275 1842 pag.
1294 1803 1360 1832 741.
1382 1805 1491 1834 Cavan.
1506 1806 1546 1832 Ic.
1571 1805 1626 1832 vol.
1652 1807 1678 1832 1.
1701 1815 1767 1842 pag.
1786 1806 1833 1834 65.
1852 1805 1907 1833 tab.
1924 1806 1972 1834 97.
1992 1805 2094 1832 ΡαΙαα.
2119 1805 2217 1833 Praei.

517 1869 579 1895 Bol.
597 1869 683 1896 Lz'nn.
701 1869 755 1898 vol.
773 1867 801 1896 4.
819 1879 887 1907 pag.
905 1868 974 1897 357.
989 1868 1072 1907 Defi
1092 1867 1138 1894 Fl.
1159 1867 1220 1895 Atl.
1238 1866 1293 1894 vol.
1312 1868 1338 1894 1.
1360 1877 1429 1904 pag.
1455 1866 1522 1895 415.

555 1931 803 1960 Helianthemum
815 1931 990 1960 Tuberaria.
1005 1931 1078 1959 Mill.
1095 1930 1160 1958 dict.
1178 1930 1232 1958 vol.
1248 1941 1276 1958 η.
1295 1931 1341 1958 10.
1362 1930 1426 1958 DC.
1444 1930 1490 1957 Ft'.
1516 1932 1563 1957 Fr.
1584 1930 1641 1958 vol.
1658 1929 1689 1957 4.
1703 1941 1731 1967 p.
1747 1930 1816 1958 818.
1833 1930 1937 1958 Smitlz.
1955 1930 2043 1958 Prod.
2062 1931 2108 1958 Fl.
2127 1930 2218 1959 Groec.

516 1995 571 2022 vol.
585 1996 615 2023 2.
627 2006 658 2033 p.
671 1995 738 2024 366.
752 1995 851 2024 Moris.
866 1995 961 2032 Stirp.
973 1993 1147 2032 Sard.fizsc.
1166 1994 1192 2021 1.
1206 2004 1237 2030 p.
1252 1992 1281 2021 6.
1298 1992 1346 2021 Fl.
1363 1992 1452 2021 Sard.
1468 1992 1517 2020 vol.
1538 1993 1565 2027 1,
1580 2002 1647 2030 pag·
1664 1991 1733 2020 209.
1755 1992 1877 2021 Gusson.
1892 1993 1978 2021 Prod.
1993 1993 2038 2021 Fl.
2052 1994 2102 2021 sic.
2117 1995 2173 2023 vol.
2189 1995 2218 2023 Ξ.

516 2068 545 2093 p.
562 2057 610 2084 22.
632 2058 697 2085 Ten.
718 2058 793 2092 Syll.
810 2068 840 2095 p.
858 2058 925 2085 258.
945 2056 1058 2085 Reichb.
1070 2057 1117 2084 Fl.
1134 2056 1226 2084 Germ.
1245 2067 1303 2084 exc.
1319 2056 1375 2083 vol.
1389 2056 1417 2084 3.
1431 2066 1497 2093 pag.
1513 2056 1580 2083 712.

556 2118 805 2148 Helianthemum
819 2119 980 2158 lignosum.
1003 2120 1029 2147 S
1031 2126 1102 2148 wael.
1121 2120 1195 2149 Cist.
1208 2119 1262 2147 tab.
1274 2119 1323 2148 46.

557 2180 722 2209 Tuberaria
732 2181 868 2219 perennis
883 2191 944 2211 var.
960 2194 985 2209 α.
1005 2181 1269 2211 melastomaefolia.
1289 2182 1399 2220 Spach.
1413 2184 1494 2210 Ann.
1513 2183 1564 2210 Sc.
1582 2183 1652 2210 Nat.
1674 2184 1702 2210 2.
1723 2193 1778 2211 ser.
1794 2184 1849 2212 vol.
1866 2184 1894 2211 6.
1919 2193 1988 2220 pag.
2011 2183 2079 2212 365.
2101 2184 2218 2212 decemb.

521 2244 607 2273 1836.
620 2245 717 2272 Saites
731 2245 749 2271 ὰ
764 2244 841 2282 Buff
856 2245 912 2274 vol.
927 2244 956 2272 6.
969 2254 1034 2282 pag.
1058 2243 1105 2273 48.

567 2311 650 2341 ΗΑΒ.
678 2310 770 2341 Inter
784 2308 900 2342 cisteta
920 2308 954 2342 in
969 2309 1042 2343 solo
1059 2310 1237 2356 argillaceo
1255 2317 1332 2357 post
1348 2310 1475 2356 sylvam
1491 2308 1533 2343 de
1546 2309 1603 2342 las
1618 2307 1804 2343 Mercedes
1819 2308 1854 2341 in
1869 2308 1977 2342 insula
1993 2310 2168 2344 Teneriffa.

567 2382 724 2413 DISTRIB.
745 2391 848 2414 GEOG.
877 2381 1051 2415 Invenitur
1066 2383 1209 2428 sparsim
1231 2394 1292 2428 per
1317 2382 1431 2429 plagas
1454 2382 1644 2428 praesertim
1667 2379 1843 2414 calidiores
1864 2380 1948 2413 mari
1971 2380 2221 2416 Mediterraneo

519 2432 744 2485 conterminas
758 2464 865 2498 usque
883 2453 915 2486 in
932 2454 1056 2487 Oceani
1068 2453 1182 2487 littora
1196 2454 1230 2487 in
1241 2453 1415 2487 Lusitania
1433 2459 1467 2486 et
1481 2452 1513 2485 in
1530 2452 1699 2486 Gallaecia.
1718 2453 1756 2485 In
1777 2451 1881 2498 Syria.
1900 2451 2061 2498 (Labill.
2082 2453 2197 2489 Herb!
2207 2454 2220 2500 )

520 2525 558 2556 In
573 2523 817 2570 Peloponneso.
834 2523 848 2570 (
858 2522 1044 2572 Sibtlzorp.
1060 2524 1076 2572 )
1094 2527 1132 2559 In
1149 2525 1267 2559 Sicilia.
1285 2524 1300 2570 (
1315 2523 1510 2570 Gassone.)
1525 2525 1563 2557 In
1580 2525 1703 2569 Magna
1716 2523 1859 2557 Graecia.
1879 2523 1893 2569 (
1906 2524 2056 2559 Tenere.
2071 2525 2086 2571 )
2099 2527 2136 2559 In
2149 2527 2221 2559 Sar-

522 2595 609 2629 dinia
620 2595 783 2641 (Mor-is!
797 2595 811 2641 )
827 2598 865 2629 In
880 2596 1026 2630 Corsica.
1047 2595 1155 2643 (DC.
1171 2594 1445 2631 Labillardiare
1457 2595 1493 2642 ,1)
1507 2597 1544 2629 In
1564 2595 1674 2629 Africa
1686 2595 1826 2629 boreali.
1843 2595 1857 2642 (
1866 2595 2135 2642 Deffontaines.
2151 2596 2167 2643 )
2181 2599 2218 2631 In

523 2667 696 2700 Dalmatiae
713 2667 820 2701 insula
832 2669 943 2702 sancta
959 2667 1134 2702 Antiocha.
1157 2667 1336 2714 (Mallem
1351 2667 1366 2714 )
1382 2669 1421 2700 In
1434 2667 1589 2713 Liguria!
1605 2668 1644 2701 In
1662 2679 1744 2713 agro
1759 2667 1920 2702 Nicaeensi
1934 2669 1941 2701 l
1958 2667 2165 2715 (Allioni.)
2181 2671 2218 2703 In

524 2738 631 2772 Gallia
650 2739 771 2773 meridi
800 2738 934 2785 (DC.)
959 2741 997 2773 In
1023 2738 1195 2784 Hispania!
1223 2737 1414 2784 (Palau.)
1434 2740 1471 2772 In
1488 2738 1702 2773 Mauritania!
1728 2740 1766 2773 In
1788 2739 1978 2773 Lusitania!
1998 2738 2220 2787 (Broter'o.)

522 2811 563 2842 In
578 2809 745 2844 Gallaecia.
767 2811 927 2856 (Ραῖαιι.
941 2809 954 2855 )
